3778 4936
352 377 410 470 ³2·
668 320 1011 442 PRAEFATIO
1049 345 1374 428 auctoris.

356 459 1710 496 munta—mm

356 513 511 608 uhtaus,
526 511 764 588 etvari'tsaliis
774 502 1012 586 miscellaneis
1022 506 1151 584 ritibus
1160 529 1202 584 ac
1212 507 1323 586 iebus
1331 519 1439 606 ,q'uae
1448 503 1514 586 sub
1527 525 1711 584 memora·

354 641 484 696 toi-uni
499 615 661 714 capitum
672 605 950 710 aliquodredigi
959 607 1246 686 commode'non
1256 605 1428 711 poffunt;
1452 609 1618 712 exempli
1697 647 1711 668 ·

319 773 321 778 ,
357 722 424 815 tia,
438 714 485 793 de
500 717 641 798 ratione
655 705 908 802 iurisiurandi,
926 708 1138 788 abstinentia
1152 733 1171 786 a
1186 709 1359 812 lingulae
1377 767 1389 806 ,
1415 709 1602 808 frequenti
1644 708 1713 810 gni
1739 699 1753 726 '

337 813 573 912 -crucis'vsu,
598 812 709 888 variis
718 809 878 910 publicae
891 808 1116 889 liberalitatis
1126 832 1175 892 ac
1188 810 1456 888 munificentiae
1473 812 1513 886 iti
1525 807 1714 910 pauperes

356 913 570 1026 generibus,
584 914 631 990 de
640 910 860 1010 honoribus,
874 912 1010 1006 quibus
1018 932 1199 1007 martyres
1208 909 1294 990 suos
1302 905 1631 1013 prosequebantur,
1641 933 1714 988 vna

257 1074 262 1086 ·
357 1041 446 1100 cum
455 1013 816 1096 commemoratione
830 1010 1085 1109 adlliiioium,
1100 1015 1334 1090 etvariorum
1343 1011 1712 1091 crudelitatisinlitu·

356 1135 593 1212 mentorum,
606 1137 693 1214 quae
703 1109 912 1215 gentilesad
926 1113 1280 1215 eosdefatigandum
1296 1133 1334 1190 et
1347 1111 1639 1192 excruciandum
1653 1113 1712 1190 ad·

357 1223 523 1303 hibuere.
573 1212 1229 1314 Inquibusaliisquetebushmilibus
1243 1214 1458 1310 uastandis,
1471 1236 1514 1292 vt
1529 1214 1605 1293 sese
1619 1213 1713 1290 mihi

357 1321 578 1413 obtulerint,
593 1317 723 1410 eadem
733 1336 814 1393 viar
822 1315 1022 1411 methodo,
1034 1320 1153 1413 quain
1161 1315 1436 1394 hocvolumine
1450 1316 1532 1394 usus
1545 1315 1645 1409 sum3
1671 1314 1712 1391 il·

357 1419 726 1514 lustrandoantiquos
734 1418 827 1491 ritus
836 1418 1061 1518 exgentiinis
1070 1419 1297 1516 antiquitatis
1306 1415 1712 1513 monumentis,etsub·

233 1551 242 1560 ’
356 1513 1712 1628 iungendoopinionesoptimorumquorumqueexsecentiotibusausio·

358 1629 480 1719 ribus,
493 1645 591 1720 quos
599 1617 645 1694 ad
653 1615 958 1712 difficillimorum
966 1639 1249 1698 momentorum
1265 1617 1550 1722 explicationem
1563 1639 1712 1719 percut-

358 1725 466 1807 iendi
481 1723 590 1822 copia
602 1716 697 1794 mihi
710 1715 867 1798 dabitur.
917 1719 1007 1795 Hoc
1015 1720 1155 1821 ipsum,
1169 1719 1485 1817 fateor,n0nraro
1493 1720 1587 1820 mibi
1600 1717 1713 1795 faces·

241 1841 275 1904 .‘
358 1829 410 1908 set
424 1825 620 1928 negotium
634 1819 684 1895 ob
698 1819 889 1895 variorum
911 1819 1093 1898 librorum
1121 1824 1433 1923 inopiam‚·quos
1462 1846 1533 1898 nec
1558 1816 1715 1894 videndi

336 2017 338 2020 ,
359 1925 502 2008 occafio
518 1947 590 2000 nec
600 1919 750 1996 emendi
766 1917 919 1996 facultas
932 1921 1026 1998 mihi
1037 1920 1218 2022 suppetit:
1245 1920 1307 1998 sed
1324 1919 1398 1995 hoc
1410 1919 1507 1997 forte
1519 1917 1714 2018 aliosg'qui

287 2025 291 2032 ’
358 2031 405 2108 acl
420 2028 542 2104 fontes
557 2019 659 2119 quasi
672 2015 891 2094 eruditionis
904 2016 1071 2097 sedentes
1084 2023 1207 2096 omnis
1224 2005 1494 2124 generislibttis
1508 2023 1546 2096 in
1560 2037 1715 2121 promtu

359 2127 514 2219 habent,
528 2120 711 2216 incitabit,
726 2137 769 2193 vt
782 2114 973 2198 laboribus
986 2123 1080 2197 meis
1093 2119 1325 2214 succurrant,
1341 2141 1376 2197 et
1390 2120 1429 2197 id
1444 2119 1549 2219 quod
1564 2121 1713 2213 molior,

358 2231 405 2308 cd
420 2228 603 2303 maiorem
617 2217 888 2322 perfefiionem
903 2220 1131 2319 prouehant3
1158 2219 1341 2319 siquidem
1362 2220 1437 2300 hoc
1456 2221 1642 2301 eiusmodi
1661 2241 1714 2296 ar·

298 2335 301 2342 ⁴
360 2317 584 2435 gum'entum
598 2321 671 2416 cli,
696 2316 800 2418 quod
817 2341 1023 2418 numquam
1039 2322 1223 2398 exhauriri
1237 2322 1378 2423 potest,
1403 2319 1467 2402 sed
1481 2323 1596 2424 vsque
1615 2319 1715 2399 addi·

358 2437 480 2508 tiones
494 2447 530 2505 et
554 2418 832 2501 emendationes
846 2419 1016 2502 admittit.
1069 2425 1307 2530 Praecipuum
1328 2425 1611 2520 adiumentum,
1634 2446 1715 2522 quo

360 2530 483 2610 adhuc
519 2525 642 2602 ¹auisus
658 2520 923 2617 sum,summae
937 2525 1130 2604 cuiusdam
1142 2524 1347 2606 liberalitati
1360 2524 1535 2622 debetur,
1548 2529 1614 2629 qui
1625 2548 1716 2600 mor·

303 2699 308 2707 .
359 2636 445 2713 tuus
473 2554 801 2728 aihucroquitum·
837 2647 1056 2705 iioaiuvit
1079 2625 1274 2736 inteffigo,
1300 2625 1588 2705 celeberrimum
1607 2627 1715 2704 illum

240 2789 247 2799 .
360 2731 599 2837 episcopum,
624 2727 727 2802 cuius
747 2727 930 2800 memoria
944 2727 983 2808 in
1000 2725 1199 2804 dofiotum
1214 2727 1628 2806 ethonommvirorum
1643 2727 1715 2804 ani·

360 2838 432 2914 mis
450 2831 596 2931 semper
609 2825 762 2921 virebit,
802 2826 844 2918 ui
857 2839 993 2927 praetei
1006 2827 1197 2906 multaalia
1210 2829 1364 2912 caritatis
1380 2827 1715 2923 aemunificentie,
1823 2889 1829 2897 .

359 2955 460 3014 tanto
476 2935 561 3008 viro
581 2926 723 3027 dignae,
744 2925 973 3002 documenta
986 2928 1176 3031 (exempli
1190 2927 1309 3006 caussa
1321 2949 1565 3032 augmentum
1580 2953 1715 3031 paruo·

359 3059 447 3117 rum
461 3024 715 3130 quorumdam
730 3024 1020 3124 beneficiorum,
1040 3031 1288 3106 accommodi
1303 3027 1485 3110 domicilii
1500 3053 1536 3109 et
1549 3032 1715 3109 alimenti
1736 3111 1743 3122 ,

337 3161 431 3242 pro
474 3151 656 3230 nuperum
676 3128 897 3203 clericorum
922 3131 1046 3208 viduis
1068 3134 1106 3206 in
1129 3132 1198 3208 hae
1218 3131 1367 3210 ditecesi
1391 3137 1714 3235 procurationem,

360 3160 523 3335 catiad
538 3228 840 3408 promouendam
856 3229 951 3308 inter
966 3233 1120 3309 clericos
1138 3232 1369 3334 parochiales
1393 3236 1646 3312 eruditionem
1661 3236 1716 3310 in·

358 3339 502 3442 signem
515 3332 542 3408 li
568 3353 700 3406 rorum
716 3339 933 3430 apparatum
956 3333 1115 3410 ecclesiae
1133 3332 1364 3444 Vintonienfi
1378 3335 1596 3415 testamento
1616 3337 1714 3442 lega·

358 3443 425 3520 vit.
474 3434 619 3532 Neque
640 3432 714 3508 hoc
733 3433 772 3506 in
784 3431 938 3508 minima
959 3429 1139 3512 felicitatis
1153 3461 1249 3514 meae
1316 3458 1372 3513 rte
1386 3461 1517 3537 pono,
1542 3435 1649 3536 quod
1665 3461 1713 3515 ex

358 3537 542 3619 amdcmia
567 3532 659 3633 (vbi
674 3534 817 3634 optimc
833 3530 1052 3614 eruditionis
1065 3535 1221 3613 subsidia
1236 3460 1431 3616 adamanus
1446 3536 1560 3637 sunt)
1587 3539 1713 3640 paullo

359 3642 468 3720 citius
483 3661 545 3714 me
557 3651 748 3712 remotum
768 3629 893 3709 diuina
907 3638 1144 3741 prouidentia
1163 3637 1330 3741 generosi
1352 3637 1547 3714 cuiusdam
1565 3641 1713 3742 patroni

358 3737 564 3834 beneficio,
588 3733 854 3839 praetervllani
867 3757 991 3811 meam
1006 3737 1271 3835 ambitionem,
1296 3741 1334 3815 in
1349 3737 1409 3812 tali
1423 3736 1578 3816 statione
1598 3743 1713 3818 collo·

303 3839 306 3844 ’
360 3843 476 3937 cauit,
487 3861 572 3939 quae
587 3837 680 3914 mihi
693 3855 945 3938 opportunam
960 3857 1035 3914 tam
1050 3841 1218 3942 egreoia,
1233 3839 1298 3918 etsi
1313 3861 1392 3914 non
1406 3839 1454 3916 ita
1467 3841 1656 3940 instrasti,
1669 3863 1713 3920 vt

359 3970 432 4047 ego
449 3940 604 4118 puidem
617 3936 776 4034 vellem,
801 3934 1025 4016 bibliotheca
1039 3909 1169 4018 utendi
1183 3940 1414 4018 occasionem
1434 3963 1548 4039 atque
1564 3943 1712 4020 liberta·

359 4065 436 4124 tem
465 4039 670 4144 uppeditat.
721 4035 795 4115 Sed
806 4061 899 4116 vero
913 4037 1026 4118 huius
1041 4045 1094 4118 rei
1108 4043 1252 4123 mentio
1265 4063 1309 4120 vt
1323 4041 1457 4122 debitae
1473 4056 1565 4121 tanti
1577 4046 1712 4121 antisti-

358 4139 687 4226 tisrecoidationis
699 4139 814 4242 gratia
828 4140 912 4218 heic
925 4165 944 4218 a
959 4169 1020 4222 me
1033 4146 1214 4238 inlicitur,
1240 4148 1290 4220 ita
1306 4144 1404 4221 forte
1417 4145 1617 4264 generosos
1646 4146 1712 4221 ho·

359 4251 478 4328 mines
493 4244 604 4342 ilios,
617 4240 755 4344 quibus
771 4241 900 4322 eidem
914 4243 1064 4322 facultas
1079 4247 1161 4324 data
1176 4245 1249 4346 est,
1261 4245 1463 4351 iniiigibn,
1474 4249 1712 4326 vtrecentio·

551 4375 554 4382 ’
1479 4377 1483 4386 “
1623 4371 1710 4426 rum
