3846 4964
621 305 1058 472 &diffluat
1299 349 1300 356 '
1471 313 1551 456 ἐν

718 474 1542 503 aunuum-*w*
1582 461 1595 482 α
1675 491 1678 498 ι

320 509 330 534 ἱ
393 599 867 706 'PRAEFATIO
903 599 1310 752 AVCTORIS.

156 813 170 834 ⁹
407 839 811 933 Vumhocvoiumen,
834 835 942 936 quod
964 863 1064 914 nunc
1084 840 1121 914 in
1147 841 1284 943 vulgus
1304 839 1396 936 exit,
1423 841 1541 938 aliqua

366 948 378 1003 ἰ
432 939 606 1016 duntaxat
618 965 702 1040 pars
715 941 863 1018 maioris
880 940 1072 1014 cuiusdam
1089 943 1212 1036 operis
1231 939 1289 1034 stt,
1306 940 1444 1038 letior,
1464 953 1551 1018 cre-'

277 1046 279 1051 ’
354 1086 376 1091 -
428 1037 480 1218 po
490 1099 500 1137 ,
511 1043 633 1136 volet,
647 1063 687 1117 vt
702 1039 749 1116 de
762 1039 929 1118 vniuetLa
939 1042 1083 1142 negotii
1098 1044 1237 1116 tatione
1252 1061 1289 1116 et
1301 1041 1447 1138 cauffiS,
1461 1045 1540 1139 qui·

456 1165 499 1216 us
516 1142 561 1218 ad
576 1141 669 1216 iilud
693 1139 783 1216 susci
809 1140 963 1218 iendutn
993 1141 1168 1216 indueius
1191 1140 1282 1234 fim,
1308 1141 1458 1218 tniatim
1473 1143 1541 1219 fibi

427 1267 626 1342 exponam.
679 1166 808 1348 Qlod)
816 1240 908 1315 mihi
923 1242 977 1314 est
991 1242 1028 1314 in
1043 1246 1168 1316 animo
1190 1240 1385 1318 consilium
1404 1269 1448 1319 eo
1462 1265 1539 1319 ten·

186 1337 264 1434 dit,
288 1341 503 1418 vtecclestae
518 1344 720 1422 daristianae
734 1343 964 1438 antiquitates
978 1340 1073 1434 facili
1086 1341 1546 1444 quadametcompe'ndia-·
1574 1363 1578 1370 ’
1637 1389 1640 1396 ·

187 1442 242 1516 ria
257 1443 397 1518 tatione
407 1444 462 1520 ita
475 1445 634 1538 tradam,
659 1439 984 1540 quemadmodum
1000 1443 1058 1519 alii
1069 1469 1211 1544 graecas
1220 1502 1230 1542 ,
1245 1471 1412 1520 rannnnat
1428 1467 1462 1520 et
1482 1447 1538 1520 itl-

184 1540 807 1646 dnicasantiquitatestradiderunt3
833 1541 1416 1642 nonvthistoricamaiiquamvei
1431 1546 1535 1622 citro·
1601 1594 1603 1600 ·

186 1641 1534 1748 nologicamrerumomnium,inecelestacontinuataieriegestatum,nat·
1646 1710 1649 1719 .

73 1739 77 1746 ’
185 1745 367 1819 tationem
385 1745 635 1842 conscribam,
662 1743 800 1844 (cuius
822 1745 968 1844 generis
990 1745 1174 1820 librorum
1195 1771 1273 1822 non
1294 1745 1389 1822 adeo
1401 1749 1535 1847 inagna

184 1845 313 1943 inopia
328 1843 381 1929 est
388 1847 425 1944 ‚)
451 1843 512 1948 sed
528 1869 569 1922 vt
583 1847 752 1942 antiquas
768 1840 1170 1940 consuetudines,ritus
1181 1866 1356 1947 etpraxes
1374 1847 1535 1924 ecciefiae

182 1941 247 2022 snb
264 1967 361 2020 certa
377 1965 412 2022 et
442 1950 595 2048 propria
623 1945 796 2044 quaedam
813 1945 925 2043 capita
949 1941 1135 2046 redigam,
1161 1945 1225 2022 vbi
1240 1944 1355 2024 iestoi
1368 1945 1533 2050 finguios

182 2067 362 2148 quosque
376 2047 467 2122 titut
483 2072 521 2122 et
535 2045 816 2125 constetudines
833 2044 932 2119 illico
946 2045 1254 2151 inuenite‘poffit,
1279 2047 1533 2146 qnaechtistia-

182 2149 241 2223 nis
256 2171 324 2246 per
364 2169 495 2224 uatuor
510 2149 569 2226 vel
584 2151 752 2247 quinque
766 2147 891 2246 priora
898 2143 1042 2242 secula,
1068 2149 1160 2222 intra
1170 2147 1536 2246 quaedisquifitiones
1615 2159 1618 2164 '

180 2269 282 2326 meas
296 2172 446 2336 initisee
459 2248 562 2328 libris
578 2251 718 2348 vbique
733 2256 1006 2346 coerceoatque
1016 2249 1208 2350 contineo,
1225 2249 1531 2332 fueruntvfitatae.

181 2347 326 2427 inficias
343 2351 397 2426 ire
410 2375 487 2424 nun
501 2347 669 2450 poss'um,
694 2349 930 2425 aemulatione
946 2343 1108 2448 quadam
1122 2351 1227 2444 (non
1246 2349 1373 2431 vitiosa
1390 2371 1532 2447 tamen,

180 2451 341 2552 opinor)
358 2474 419 2526 tne
432 2471 670 2526 commotum
687 2445 775 2538 effe,
791 2445 897 2545 quod
911 2467 969 2523 tot
981 2450 1084 2525 viros
1104 2447 1236 2526 dodina
1252 2452 1292 2524 in
1312 2449 1396 2526 colii
1427 2449 1532 2529 endis

176 2575 221 2626 ac
235 2550 466 2650 publicandis
481 2547 754 2646 antiquitatibus
768 2551 900 2650 graeeis
914 2568 951 2624 et
968 2553 1126 2626 romanis
1140 2555 1238 2626 tanta
1250 2573 1336 2626 cum
1353 2477 1534 2630 indotata
1630 2595 1635 2602 ·

179 2649 314 2728 versari
323 2649 503 2746 viderem,
513 2647 617 2730 nuilo
629 2651 780 2725 interim
794 2647 1001 2753 (quodego
1016 2651 1141 2751 sciam)
1158 2651 1253 2728 libro
1271 2651 1448 2748 exstante,
1463 2654 1530 2749 qui

178 2753 405 2852 completam
420 2755 678 2854 antiquitatum
692 2733 1014 2826 ecciefiasticatum
1028 2751 1289 2846 coilestionetn
1311 2777 1353 2827 ea
1374 2753 1530 2850 quidem

179 2853 385 2949 methodo,
400 2875 474 2949 qua
490 2877 590 2930 nunc
609 2851 662 2946 fit,
677 2851 857 2929 exhibeat.
906 2873 1067 2944 causan
1083 2853 1235 2950 quidem
1248 2874 1477 2932 annontvs
1493 2873 1531 2931 et

178 2975 567 3034 cau-rvatatottus
588 2949 874 3055 Magdaburgici
888 2971 925 3028 et
946 2953 1004 3028 alii
1018 2953 1171 3051 quidam
1192 2953 1355 3030 historiae
1368 2951 1530 3032 ecclefia·

179 3055 279 3132 sticae
292 3054 488 3158 scriptores
497 3055 700 3130 multarum
715 3078 840 3130 retum
854 3051 962 3128 huius
977 3057 1123 3157 generis
1133 3054 1339 3132 inhistoriae
1354 3053 1428 3132 suae
1445 3083 1529 3160 pto

207 3153 487 3233 redu-fecerunt
500 3157 748 3232 mentionem:
774 3155 922 3230 atenim
937 3179 1029 3233 vero
1044 3179 1104 3233 tea
1119 3155 1194 3232 ista
1209 3158 1247 3232 in
1262 3177 1336 3233 tam
1346 3155 1455 3234 vastis
1462 3185 1530 3235 vo·

140 3253 145 3262 ’
179 3181 383 3333 inminibus
398 3253 460 3334 hic
483 3257 555 3332 illic
576 3257 624 3334 ita
645 3251 813 3354 dispersae
828 3256 963 3350 iacent,
986 3277 1030 3331 vt
1044 3261 1153 3357 pauci
1167 3255 1324 3360 iestotes
1339 3283 1386 3336 ex
1402 3262 1528 3359 paucis

179 3359 273 3450 istis,
287 3359 354 3455 qui
368 3381 407 3431 ea
423 3356 613 3433 volumina
628 3357 752 3458 legere
767 3353 962 3448 sustinent,
973 3357 1225 3452 intentantur,
1239 3360 1305 3456 qui
1319 3356 1454 3458 sparsas
1468 3383 1528 3434 eo·

176 3483 263 3537 ttun
279 3456 556 3534 obseruationes
573 3455 767 3556 coliigere,
794 3474 878 3556 apta
892 3453 1052 3554 quadam
1073 3455 1254 3542 methodo
1265 3455 1465 3558 disponere
1479 3479 1527 3535 at·
1645 3462 1651 3479 “

178 3585 255 3657 que
269 3561 317 3632 ita
330 3559 393 3634 vni
410 3555 926 3638 obtutuifisteteadlaborent.
977 3556 1527 3666 Smtauttoresaltimutn,qpi

33 3738 36 3748 ,
62 3723 97 3752 ,,
179 3664 220 3736 in
246 3657 327 3734 haee
355 3657 463 3734 iilaue
478 3659 703 3756 antiquitatis
726 3655 971 3734 ecclefiatticae
987 3660 1106 3759 capita
1122 3661 1272 3762 egregie
1286 3665 1528 3738 commentati
1618 3693 1623 3702 ¹

178 3761 274 3856 sunt,
289 3757 480 3855 exquibus
494 3757 1525 3860 forteononovtvsaliquisautonatvtvsmuitome-

177 3865 311 3939 liorem
324 3861 588 3962 antiquitatum
602 3861 793 3962 epitomen
809 3859 1047 3960 excerpserin
1074 3883 1188 3960 quam
1204 3885 1305 3939 nunc
1318 3865 1474 3960 quidem
1488 3865 1527 3941 in

176 3961 460 4041 otbeterrantm
475 3984 515 4060 re
544 3960 669 4041 eritur'.
721 3959 1056 4064 Quemadmodum
1071 3983 1195 4038 autem
1211 3965 1527 4062 nullusvmquam

176 4065 249 4141 tale
262 4053 488 4170 opusad'ore
520 4087 563 4140 us
578 4059 648 4160 est,
663 4063 728 4156 ita,
744 4059 880 4137 etiamst
895 4059 988 4137 iilud
1002 4061 1276 4164 produceretur
1282 4124 1293 4162 ,
1316 4079 1551 4146 nontamen·

175 4185 198 4240 ι
212 4165 351 4266 quouis
367 4128 511 4264 vufgati
524 4161 682 4261 iestore,
692 4165 994 4268 euiuapraeeipne
1002 4159 1160 4344 psuihas
1176 4165 1526 4286 colledionesdest't·
1645 4219 1653 4243 t

952 4301 955 4310 ¹
1053 4287 1080 4350 2
1307 4287 1313 4294 ·
1429 4291 1528 4366 naut,
