3790 4918
174 391 204 431 ,ᾖ
247 345 253 354 ·
301 347 309 360 ·
478 347 484 360 ·
527 375 535 392 ,
585 349 589 358 ·
631 320 1052 404 narratrrrnrra'j*
1389 346 1462 426 303

26 565 27 582 ,
163 485 317 564 demum
334 469 456 580 pinna
479 475 718 555 cardinalium
740 483 1049 581 presbyterorum
1065 486 1173 586 origo
1194 473 1330 574 fuerit,
1350 481 1453 581 (siue
1569 505 1575 512 ·

146 589 206 678 „ita
222 585 344 660 vocati
368 581 455 675 s1nt,
482 577 587 676 quod
614 581 652 652 in
673 581 897 676 quibusdam
921 581 1079 658 ecclesiis
1102 583 1386 682 principalibus,
1411 582 1452 656 in

157 687 296 780 quibus
313 681 513 780 baptismus
527 676 772 754 administrati
785 701 950 778 poterat,
977 703 1012 756 et
1026 705 1117 779 quas
1135 704 1332 780 propterea
1347 680 1419 755 eccl
1435 723 1451 772 .·

148 781 228 888 fias
240 783 303 856 uel
312 780 441 856 titulos
452 777 656 860 cardinales
671 781 928 872 nominarunt,
956 801 1204 858 vtunrnarttu
1215 805 1318 858 rnvs
1333 778 1452 856 existi·

153 903 250 976 mat,
266 877 456 956 constituti
470 878 631 973 fuerint3
655 874 730 953 stue
747 877 872 974 quod,
886 899 927 953 vt
941 880 999 952 alii
1023 890 1045 958 8
1071 881 1292 978 opinantur,
1306 879 1370 954 vbi
1385 903 1450 954 nu·

157 1005 285 1066 merus
302 979 612 1080 presbyterorum
628 977 667 1050 in
681 979 813 1078 amplis
830 999 867 1054 et
880 1002 930 1076 po
961 975 1072 1054 ulofis
1087 978 1239 1064 vrbibus
1256 997 1450 1078 tantopere

156 1075 394 1171 clauserat,
419 1099 461 1151 vt
475 1075 652 1176 episcopo
668 1075 715 1152 ad
735 1003 1013 1178 gubernandam
1035 1078 1222 1156 ecclesiam
1244 1077 1280 1152 se
1294 1077 1330 1154 se
1347 1101 1448 1152 com,

155 1181 271 1258 mode
287 1182 443 1294 iungere
459 1201 535 1250 non
553 1173 714 1274 possent,
739 1174 893 1274 quidam
911 1202 958 1252 ex
976 1174 1130 1272 reliquia
1146 1196 1336 1273 tamquam
1356 1199 1450 1276 prat·

156 1281 260 1380 cipui
274 1277 380 1353 eleth
394 1277 548 1370 luerint,
576 1296 617 1349 vt
632 1277 813 1373 episcopis
828 1275 939 1349 instar
953 1278 1099 1350 concilii
1115 1273 1238 1368 essent,
1263 1278 1363 1350 vnde
1371 1301 1450 1349 car-

156 1377 299 1456 dlaaales
319 1371 527 1475 presbyteri
551 1371 638 1446 dieti
661 1397 672 1466 ;
698 1399 783 1468 quae
800 1373 994 1472 disputatio
1010 1373 1080 1467 est,
1106 1374 1274 1469 inquam
1293 1375 1449 1462 vlterius

153 1477 255 1558 haud
269 1473 471 1567 descendo,
496 1472 558 1546 vel
572 1469 780 1566 quidquam
795 1474 834 1546 in
850 1494 890 1550 ea
905 1473 1089 1571 definio):
1113 1495 1367 1570 quaecunque,
1394 1465 1449 1548 in*-

153 1601 289 1678 quam,
316 1597 448 1650 eorum
473 1572 582 1673 origo
598 1571 658 1646 vel
684 1572 846 1646 nominis
874 1575 966 1649 ratio
986 1573 1116 1666 suerit,
1144 1596 1207 1649 eos
1227 1593 1447 1654 tamennon

143 1701 271 1757 anum
286 1673 465 1770 idemque
480 1695 570 1746 cum
583 1672 786 1772 primitiuae
802 1669 962 1750 ecclesiae
976 1671 1306 1773 archipresbyteris
1321 1663 1448 1772 fuisse,

150 1797 295 1857 certum
310 1773 373 1849 est.
466 1818 470 1831 ·
500 1831 505 1840 .
707 1793 712 1812 ’
812 1843 814 1850 .

425 1901 429 1908 ’
725 1871 756 1973 §.
781 1872 874 1952 Xlis

200 1975 259 2054 De
271 1973 476 2078 senioribus
500 1969 758 2076 ecclafiasticis.‘
795 1974 904 2078 Qud
931 1971 970 2050 bi
992 1975 1152 2076 ipstnan
1163 1971 1327 2076 seniores
1350 2001 1398 2051 ex

245 2135 263 2175 a
274 2073 379 2177 plebe
392 2073 572 2176 fuerint,
596 2100 635 2150 ea
648 2072 779 2176 senfin,
805 2101 875 2178 qna
900 2073 1002 2151 hodie
1027 2071 1099 2172 ista.
1118 2073 1312 2176 appellatio

539 2209 543 2216 ·
692 2198 880 2250 artetur.
1025 2223 1045 2232 --
1136 2197 1145 2244 ·.

270 2299 393 2374 Qvou
407 2273 453 2350 ad
470 2272 628 2372 seniores
647 2193 793 2372 accipi
809 2276 964 2368 attinet,
989 2293 1093 2350 erant
1109 2295 1227 2376 genus
1252 2269 1446 2372 quoddam

150 2375 358 2466 seniorum,
383 2375 619 2470 quiquidem
633 2372 773 2448 nonde
794 2377 894 2454 clero
911 2391 1037 2468 erant,
1063 2375 1109 2448 ad
1128 2397 1226 2472 quos
1248 2369 1372 2450 rameri
1388 2395 1446 2450 ec·

152 2476 268 2549 cleliae
285 2473 395 2546 etiam
409 2495 497 2546 cura
514 2471 799 2567 quodammodo
813 2469 1004 2570 speuabar.
1055 2471 1213 2556 Nomen
1231 2467 1321 2548 iliud
1344 2471 1446 2572 apud

149 2595 367 2652 oerarvru
382 2589 418 2645 et
431 2591 734 2646 avevsrruvu
749 2570 1156 2668 frequenteroccurrit,
1180 2595 1198 2645 a
1215 2574 1351 2668 quibus
1366 2567 1444 2646 offi-

151 2677 198 2752 cii
212 2672 368 2748 istorum
384 2688 548 2744 naturam
562 2669 666 2746 facile
680 2665 874 2769 possumus
890 2667 1111 2747 condiscere.
1161 2693 1369 2748 oerrrvs
1392 2669 1444 2746 di·

151 2777 200 2852 cit
221 2761 243 2827 h
265 2829 277 2869 ,
301 2767 527 2870 Menfiarinm
554 2769 775 2878 episcopum
799 2767 1138 2872 Carthaginensem,
1163 2773 1228 2846 vbi
1255 2768 1445 2846 ecelesum

167 2897 252 2952 uam
266 2892 439 2970 tempore
452 2869 718 2969 persecutionis
734 2862 1194 2967 da'acletz'anearelinquere
1204 2870 1350 2946 coelius
1366 2869 1444 2945 fue·
1572 2939 1574 2946 ,

143 2978 217 3071 ·rit,·
244 2969 403 3047 ecclesrae
418 2964 1444 3076 ornamentaetvasafidelibapfiraioribascommendasse.
1563 3033 1569 3044 .

148 3075 213 3152 Ad
234 3069 343 3166 quod
363 3089 550 3144 oranter
580 3088 916 3142 ataasrtnrevs
944 3083 957 3127 1
982 3067 1159 3165 adnotat,
1184 3070 1443 3169 quodpraeter

150 3169 410 3254 ecclefialiicos
425 3186 462 3240 et
475 3167 626 3241 clericos
635 3167 785 3262 quidam
801 3189 847 3243 ex
857 3163 958 3267 plebe
959 3163 1122 3266 saniores
1136 3191 1172 3242 et
1180 3167 1343 3268 probata
1355 3173 1445 3245 vita

150 3299 210 3352 res
225 3267 384 3347 ecclestae
399 3267 617 3344 crrraaera'nt.
670 3263 733 3340 Ad
755 3268 893 3340 calcem
909 3291 1068 3370 operum
1085 3289 1252 3342 oerarr
1267 3268 1360 3345 libet
1383 3269 1444 3344 ha-

149 3377 279 3473 betur,
302 3371 370 3471 qui
384 3363 593 3445 inscribitur
606 3365 791 3474 Burgatia
807 3360 1210 3472 Feliciset'Caeila'ani,
1236 3370 1273 3441 in
1294 3393 1371 3465 quo
1390 3364 1443 3443 di·

387 3549 390 3560 ,
763 3535 766 3543 ,
826 3515 863 3568 ;ι
1176 3543 1231 3568 ·.·.
1325 3468 1444 3542 versae

147 3577 395 3700 magii.
411 3613 481 3676 ibid.
505 3606 595 3670 When
607 3609 778 3690 afterwards
812 3609 1054 3691 'naemlret'afrle
1067 3611 1170 3672 connais
1190 3611 1229 3690 af
1237 3605 1394 3691 pretlzyterr
1415 3628 1444 3678 ro
1509 3645 1512 3650 ,

150 3703 220 3784 these
240 3700 312 3760 titles
336 3718 409 3756 mare
427 3693 509 3754 nnech
534 3691 684 3774 increasnl,
706 3693 778 3774 those
818 3691 863 3751 liae
882 3691 980 3776 blshop.
1140 3708 1142 3717 '
1426 3732 1431 3761 ,

146 3785 301 3870 presbytera
320 3779 381 3840 that
405 3799 477 3838 arere
497 3777 639 3858 placella
661 3776 705 3837 the
730 3795 777 3836 an·
862 3776 1442 3862 h)0ptat.lib.l.p.4r‚(p.19.edit.Prr.)

149 3877 220 3934 tiern
242 3866 313 3926 tiela
327 3859 414 3923 which
431 3881 504 3922 were
524 3857 569 3920 tha
586 3859 664 3942 elrief
677 3881 777 3946 among
861 3863 885 3938 i)
908 3859 1057 3944 Albaspin.
1078 3879 1140 3924 not:
1158 3864 1190 3923 iu
1208 3865 1307 3942 Optat.
1328 3885 1356 3944 p.
1380 3881 1439 3942 123.

147 3955 242 4025 them,
262 3969 335 4010 mere
347 3945 432 4007 called
451 3945 609 4007 cardinales
626 3943 776 4050 presby‘te·
818 3947 924 4011 Praeter
940 3945 1138 4010 ecetenenicos
1155 3947 1312 4010 etelericor
1322 3945 1442 4027 quidam

146 4031 190 4114 ri,
212 4031 299 4098 which
316 4051 388 4090 nere
400 4029 462 4088 then
474 4025 566 4088 laalrerl
579 4051 612 4087 an
627 4029 786 4112 atchlef'nf
820 4049 856 4090 ex
867 4027 942 4109 plebe
949 4031 1069 4110 seniores
1079 4047 1108 4093 et
1123 4033 1250 4114 probata
1263 4031 1328 4094 νίκα
1337 4049 1442 4101 renen*

151 4125 195 4186 the
212 4121 320 4218 elergy,
342 4111 689 4200 attdrberesarewereffl
704 4113 786 4197 'ela'e'f⁴
821 4112 1072 4198 desse-curabant,
