3746 4930
435 387 485 467 38
591 351 828 454 oatntuvu
852 371 1313 450 noctusmottcinvu
1337 395 1416 450 ma.
1433 393 1470 454 n.
1497 358 1646 456 contu.

447 487 982 514 uun-—n-——n———u—f'
993 490 1745 520 -Ιι-ιῄι-Ἣ

439 543 560 622 adbuc
574 543 719 641 semper
734 544 777 620 ab
793 539 1060 642 episcoporum
1074 541 1291 618 austoritete
1305 546 1344 616 in
1360 539 1522 620 solidum
1539 542 1752 644 pendebat,

441 643 706 748 etpresbyteri
721 668 796 719 non
813 641 879 718 nili
892 667 938 720 ex
952 641 1117 744 ipsorum
1135 643 1309 720 mandato
1325 669 1361 718 et
1375 647 1568 721 voluntate
1583 643 1622 718 id
1637 645 1750 722 sacie-

437 749 541 825 bant:
569 747 617 824 Et
632 743 697 820 vbi
712 741 926 846 episcopiid
939 743 1164 845 prohibendi
1180 747 1340 822 tationes
1356 746 1510 824 idoneas
1526 747 1591 822 sibi
1606 747 1747 824 habere

408 889 410 892 ·
436 845 680 944 uidebantur,
705 847 778 922 hoc
789 842 1007 922 mandatum
1024 845 1352 924 circumscribendi
1368 867 1432 928 aut
1447 847 1572 926 rursus
1595 846 1748 924 abolen-

439 951 493 1028 di
513 950 695 1029 habebant
729 951 972 1051 potestatemq
1006 947 1333 1044 quemadmodum
1358 941 1395 1026 ei
1428 971 1655 1028 socuauus
1678 958 1749 1026 set
1803 1031 1811 1050 ‚

432 1074 714 1152 pozonuuvs
740 1055 753 1104 ῑ
775 1047 970 1146 testantur,
995 1050 1064 1146 qui
1075 1047 1321 1136 Alexandria
1341 1047 1576 1151 presbyteris
1596 1051 1747 1126 concio

438 1155 517 1232 nati
532 1149 772 1228 interdiiium
786 1149 856 1228 eise
869 1149 1071 1251 perhibent
1081 1153 1128 1228 ab
1151 1176 1197 1226 eo
1211 1170 1404 1251 tempore,
1430 1175 1510 1249 quo
1526 1173 1665 1234 nutus
1686 1177 1748 1226 ec·

431 1255 584 1332 cleliam
599 1251 748 1330 turbate
764 1253 931 1354 coeperit.
982 1253 1040 1330 Ex
1055 1251 1194 1350 quibus
1211 1249 1340 1329 videre
1354 1251 1426 1348 eil,
1450 1277 1565 1352 quam
1587 1250 1747 1356 potesta·

438 1377 516 1434 tem
532 1357 697 1452 antiquis
711 1355 871 1430 eccleliae
890 1354 1125 1455 temporibus
1148 1356 1186 1430 in
1206 1355 1476 1450 communibus
1494 1376 1531 1432 et
1547 1355 1747 1458 ogdinatiia

436 1459 569 1536 officiis
584 1453 831 1533 ecclefiallicis
843 1453 1013 1556 episcopi
1030 1453 1094 1531 ilbi
1115 1453 1348 1532 vendicarint
1368 1475 1483 1554 atque
1499 1457 1747 1534 exercuerint.

437 1559 560 1670 Quod
573 1557 761 1658 speciatim
775 1558 821 1632 ad
845 1559 1049 1632 conciones
1071 1553 1256 1634 habendas
1277 1558 1427 1650 attinet,
1451 1555 1491 1632 id
1512 1581 1593 1634 non
1615 1559 1746 1632 minus

437 1663 508 1758 fet,
522 1681 636 1760 quum
653 1660 759 1735 vilius
772 1657 865 1734 alius
882 1657 997 1734 officii
1010 1656 1084 1734 esse
1099 1655 1308 1736 credebant.
1358 1657 1458 1733 Tam
1474 1660 1605 1757 ingens
1622 1657 1747 1734 discri-

438 1787 529 1840 men
551 1783 625 1836 erat
647 1764 742 1838 inter
757 1759 917 1836 ecclestat
932 1762 1131 1860 primitiute
1155 1775 1192 1836 et
1211 1757 1482 1862 episcoporum
1502 1761 1748 1840 Romattorum

437 1869 571 1972 praxin
591 1864 630 1938 in
651 1860 957 1958 subsequentibus
983 1863 1143 1938 saeculis!
1169 1857 1498 1959 quandoquidem,
1530 1881 1573 1938 vt
1598 1884 1747 1942 navtu

437 1987 730 2044 economus
753 1957 1055 2040 eunvuuucto
1078 1961 1635 2062 svnto'adnotauit,tempus
1652 1959 1747 2056 fuit,

437 2071 501 2146 vbi
522 2063 687 2169 episcopi
702 2066 861 2140 Romani
886 2089 953 2164 pet
968 2066 1155 2164 integrum
1171 2066 1466 2166 quingentorum
1480 2087 1665 2139 annorum
1680 2060 1745 2138 de·

437 2169 584 2245 cut-sum
620 2163 766 2240 nullum
792 2165 941 2264 publice
970 2165 1180 2242 sermonem
1198 2165 1426 2240 habuerunt:
1450 2165 1548 2241 adeo
1570 2185 1629 2258 vt,
1655 2189 1746 2240 cum

436 2271 531 2348 Pius
551 2264 712 2371 Qintui
726 2263 929 2362 aliquando
944 2269 1057 2344 verba
1078 2270 1122 2344 ad
1138 2270 1323 2370 populum
1340 2264 1495 2363 fuceret,
1519 2265 1747 2372 mirabileet

437 2365 942 2474 prodigiistmilevioeretut:
971 2389 1007 2444 et
1022 2389 1097 2446 etat
1113 2369 1150 2448 id
1164 2389 1265 2446 certe
1276 2371 1508 2466 renouatque
1517 2367 1747 2465 insolentius,

327 2543 331 2551 ,
438 2497 553 2574 quam
555 2469 751 2574 scapulares
764 2469 846 2548 ludi
858 2473 896 2547 in
912 2473 1031 2549 veten'
1041 2473 1155 2572 Roma
1170 2471 1333 2548 suerunt.
1439 2569 1443 2581 ¹
1748 2487 1752 2494 ·

1049 2605 1084 2710 l·
1109 2611 1158 2689 u.

523 2747 569 2826 ΙΙ.
597 2745 758 2826 Funffio.
772 2767 809 2822 et
825 2745 985 2848 potestas
1010 2749 1208 2957 otcditpndi
1212 2747 1443 2853 presbyteris
1459 2773 1654 2856 numquam

1002 2877 1106 2927 COHC?
1136 2879 1167 2933 a.

521 2987 602 3040 seo
618 2961 784 3070 retlimus
800 2960 845 3036 ad
858 2965 1058 3068 primitiuae
1081 2965 1242 3045 ecclesiae
1261 2965 1494 3074 episcopua„
1520 2969 1636 3045 Euant
1660 2967 1740 3044 alim

437 3063 613 3166 quendam
629 3063 857 3158 funiliones,
884 3087 977 3163 quas
992 3068 1167 3163 ratiffime
1182 3069 1411 3174 presbyteris
1426 3069 1646 3158 credebant3
1671 3069 1741 3145 etst

418 3167 592 3268 'quando
608 3189 666 3242 eas
680 3164 956 3243 administrandi
978 3169 1062 3270 ipsis
1078 3169 1208 3272 darent
1229 3200 1274 3248 ne
1304 3173 1445 3268 otium,
1471 3170 1630 3257 nonnisi
1645 3171 1741 3248 sum-

435 3293 495 3346 ma
509 3288 666 3370 urgente
680 3263 886 3345 necessitate
902 3267 940 3346 id
957 3269 1038 3348 fieti
1052 3272 1198 3350 solebat.
1289 3271 1363 3366 ales
1378 3296 1483 3352 erant
1491 3277 1744 3372 penitentium

413 3473 416 3478 Ι
434 3369 696 3465 reconciliatio,
704 3367 956 3474 neophytorum
965 3373 1439 3480 cotpst·mott'o,aediumeccle
1451 3375 1742 3474 tnstt'carum,vir·

461 3477 611 3552 inumac
623 3471 818 3548 viduarum
834 3496 870 3548 et
880 3471 916 3546 id
926 3499 1045 3574 genus
1056 3477 1342 3552 terumaliatum
1352 3503 1415 3554 con
1430 3481 1591 3570 eoeatim
1604 3478 1651 3556 de
1661 3478 1743 3576 qui·

430 3500 504 3656 bus
513 3575 595 3652 heic
612 3570 796 3678 sigillatim
813 3573 1258 3678 plutanonmoneo,quia
1271 3579 1443 3655 alioloco
1454 3579 1740 3660 conuenientius

1619 3730 1624 3736 -
1698 3704 1739 3756 ea

434 3793 1732 3818 fflssmm

478 3844 503 3916 s)
525 3841 633 3902 Socrat.
648 3837 719 3898 ibid.
764 3831 939 3916 ssgttptietgot
957 3833 1065 3899 it'Am-
1099 3899 1118 3932 ⁸
1146 3847 1175 3921 ⁴)
1206 3841 1349 3902 Blondtll.
1372 3842 1484 3924 apolog.
1514 3855 1546 3924 p.
1566 3855 1610 3918 38,
1638 3849 1740 3916 xlutet·

433 3919 757 4024 kiniget'pti'aegoabpuel·
773 3917 987 4002 ealciniwl·
1002 3919 1064 3983 ’ἕλω
1106 3927 1222 3990 villicos
1245 3925 1399 4008 pontifices
1423 3930 1470 3986 titt
1494 3949 1568 3990 vnus
1592 3931 1628 3991 ab
1657 3951 1737 3990 auno

430 4021 490 4084 pat,
512 4005 560 4080 ip·
577 4003 698 4087 κ”Αςεικ
711 4009 752 4070 rit
763 4003 902 4070 inulta-iou
929 4004 995 4088 ὅτίς
1016 4016 1062 4086 ξεν·
1106 4013 1232 4076 Domini
1248 4011 1400 4073 millcfimo
1423 4013 1577 4092 aliquoties
1594 4019 1607 4090 s
1615 4015 1635 4078 st
1651 4016 1737 4076 Surio

430 4089 1064 4173 Alexandriaepresbyttrminimetottct'onatur.
1106 4097 1244 4180 singulari
1255 4095 1615 4178 testilideslconcionatus.
1624 4101 1736 4170 Piusv,

432 4179 521 4262 quue
538 4173 571 4238 ab
594 4197 622 4237 eo
642 4194 763 4258 tempore
785 4174 921 4257 obseruari
947 4198 1063 4262 coptum
1106 4185 1356 4266 obliupelceutem
1379 4186 1510 4245 miraculi
1533 4188 1663 4248 nouitate
1685 4190 1737 4248 Ro·

431 4263 483 4347 est,
507 4283 573 4346 ¹quo
587 4261 675 4322 Arius
688 4258 820 4338 eetlnsom
831 4261 1020 4344 perturbatur.
1106 4291 1182 4332 mam
1193 4269 1323 4352 perculit.
1350 4269 1418 4334 Vid.
1428 4269 1495 4336 Sur.
1505 4287 1664 4342 comment.
1679 4291 1736 4338 ret.

417 4397 423 4413 .
477 4353 503 4432 t)
525 4349 641 4412 Sozom.
656 4345 960 4422 lib.ViI.·c.XV11.†
1104 4353 1376 4442 inorbegeilatum.
