3818 4916
191 371 792 497 na'antaasa'rananctevrs
814 403 1365 492 nvaptrnamvsaetseon
1391 387 1448 462 161
1568 383 1573 396 '

135 494 1027 534 mmm—*ud-

138 549 303 628 busdam
327 547 484 626 ecclesiis
505 546 641 626 vsttatae
663 552 856 644 meminit,
882 548 1018 625 sancito
1027 562 1161 627 vcontra
1176 553 1273 628 illam
1284 575 1444 651 canone,

135 651 574 750 quoadministratotes,
598 654 664 746 qui
677 647 824 750 semper
844 650 1124 746 viciniquidam
1145 653 1307 754 episcepi
1321 675 1444 751 erant,

134 755 358 846 remoueri,
384 773 421 826 er
434 751 592 828 eeclestae
609 751 683 824 istae
700 753 773 828 line
786 750 1079 830 administratore
1092 775 1241 830 manere
1257 755 1444 851 iubentur,

134 855 260 954 usque
275 855 367 930 dum
382 855 581 954 proprium
596 849 661 930 fibi
674 853 898 954 episcopum
913 874 1091 949 quaerant.
1140 857 1224 932 Alia
1235 859 1352 954 ratio,
1373 881 1444 934 cur

76 948 80 956 ’
137 956 220 1032 istis
237 954 471 1056 temporibus
487 974 522 1028 et
537 955 631 1030 locis'
647 951 749 1030 sedes
764 953 993 1056 episcopales
1009 955 1157 1057 longius
1174 961 1355 1052 vacarint,
1377 955 1444 1036 dif-

138 1057 251 1134 ficilis
276 1077 350 1132 etat
376 1051 611 1138 ecclesiarum
634 1077 808 1155 tempore
828 1056 1096 1158 persecutionis
1123 1055 1304 1136 conditio.
1337 1059 1390 1139 ,E
1419 1059 1445 1132 i·

138 1158 249 1270 scopi
260 1159 398 1235 enimii
413 1175 536 1252 etant,
560 1159 599 1232 in
612 1179 712 1252 quos
737 1161 927 1258 praecipue
953 1157 1121 1234 furorem
1146 1159 1253 1234 suum
1276 1085 1443 1234 intentis-

48 1317 53 1326 .
139 1261 234 1336 bant
246 1259 518 1360 persecutores:
544 1256 718 1354 adeoque
739 1259 766 1333 fi
786 1262 872 1357 quis
894 1257 1094 1359 episeopus
1117 1259 1307 1362 religionis
1328 1259 1444 1336 caussa

137 1361 190 1438 ab
205 1363 274 1439 illis
282 1359 573 1448 interficeretur,
599 1358 745 1436 ecclesia
760 1359 894 1461 saepius
909 1359 1184 1437 ordinationem
1208 1363 1300 1438 alius
1323 1365 1443 1464 cuius-

136 1464 232 1542 dam
245 1459 404 1542 differre
426 1457 650 1560 cogebatur,
674 1458 751 1536 stue
771 1463 879 1558 quod
900 1461 1088 1540 eiusmodi
1107 1460 1248 1540 difficili
1270 1483 1443 1562 tempore

134 1566 227 1642 -fien
238 1565 302 1642 vix
316 1577 479 1663 poterat,
506 1579 547 1634 vt
561 1561 598 1634 in
614 1557 709 1659 hanc
722 1585 803 1637 rem
817 1583 972 1662 operam
980 1562 1087 1640 suam
1100 1583 1139 1639 et
1154 1569 1282 1640 euram
1297 1562 1440 1640 conser-

139 1687 246 1757 rent,
272 1663 349 1759 siue
361 1661 471 1758 quod
485 1657 601 1736 alium
616 1659 717 1738 illico
734 1662 1195 1765 episcopumimplacabili
1213 1667 1367 1742 furentis
1380 1662 1443 1740 ad·

141 1767 293 1844 versarii
304 1764 394 1838 odio
412 1785 620 1862 exponere,
633 1783 672 1836 et
687 1761 809 1840 adhuc
823 1765 1087 1842 violentiorem
1102 1764 1369 1864 persecutionis
1378 1768 1443 1840 im·

103 1897 106 1906 ·
140 1890 274 1970 petum
291 1863 377 1941 inse
393 1864 577 1939 concitate
595 1863 820 1940 dubitabant.
872 1865 1008 1942 Cieros
1025 1867 1208 1944 Romanus
1228 1878 1250 1953 ‚²
1275 1867 1369 1944 hanc
1394 1868 1443 1944 ad

140 1961 796 2088 Cyprianumperscripstt'rationem,
822 1963 1070 2064 quamobrem
1087 1965 1174 2068 post
1188 1965 1444 2044 Fabianimar-
1557 1991 1568 2055 ·,
1655 1969 1658 1976 '

141 2093 286 2174 tynum
301 2091 379 2144 non
395 2065 516 2141 statim
534 2091 678 2152 nouum
693 2066 914 2168 episcopum
931 2069 1132 2170 elegerint:
1159 2067 1244 2168 Post
1257 2068 1444 2170 exc-affirm,

88 2193 100 2202 “
133 2173 381 2272 inquiebant,
405 2164 517 2241 nobili
538 2193 617 2240 tmoe
629 2173 807 2243 memo'rioe
820 2170 899 2242 viri
910 2167 1070 2244 Fabiani
1090 2167 1243 2243 nondum
1258 2165 1303 2268 est
1316 2169 1442 2273 episco-

31 2335 33 2340 .
132 2290 208 2378 pur
222 2265 469 2351 PROPTER
530 2265 694 2348 ERVM
729 2267 807 2346 ET
843 2267 1159 2354 TEMPORVM
1186 2267 1443 2348 DIFFICVL·

148 2365 558 2472 TATESconstitutua.
609 2392 782 2447 ceasia
807 2393 1039 2446 aanoutvs
1065 2361 1087 2426 b
1112 2370 1207 2449 hane
1222 2369 1442 2472 epffcopise·

137 2478 233 2554 ‘dem
246 2495 384 2551 annum
399 2495 519 2546 vnum
535 2491 572 2546 et
588 2472 732 2548 menses
745 2492 820 2550 tres
837 2495 990 2547 vacuam
1004 2467 1110 2551 fuilse
1126 2472 1326 2568 existimat,
1339 2475 1401 2550 alii
1426 2487 1443 2530 ὓ

144 2592 269 2655 autem
296 2577 335 2652 in
355 2573 637 2674 computatione
657 2575 898 2663 accuratiores
919 2591 1060 2648 annum
1077 2586 1196 2648 ‘vnum
1215 2595 1255 2648 et
1276 2577 1444 2673 quinque

143 2679 287 2757 mensees
299 2674 386 2752 inde
402 2672 616 2753 conficiunt.
655 2672 740 2752 'Sed
755 2695 1003 2772 utracumque
1011 2697 1095 2778 pars
1106 2673 1176 2750 hac
1191 2677 1229 2750 in
1244 2699 1284 2752 re
1299 2677 1444 2776 vicerit,

146 2801 269 2858 tamen
288 2783 429 2855 annulli
445 2775 539 2850 vltra
557 2797 732 2878 tempus,
746 2801 823 2880 pet·
836 2798 996 2854 canones
1010 2773 1270 2872 constiturum,
1295 2799 1444 2878 ptaerer·

143 2883 285 2985 lapsum
301 2875 405 2957 fuisse
418 2875 653 2954 manifestum
668 2875 730 2957 est.
783 2881 834 2955 At
848 2881 948 2956 enim
963 2901 1058 2956 vero
1069 2901 1141 2982 pro
1156 2877 1275 2954 nihilo
1289 2879 1363 2954 hoc
1378 2879 1444 2956 tibi

146 2982 358 3060 habendum
373 2979 462 3084 erit,
479 2977 504 3051 st
518 2978 798 3054 diuturnitatem
813 2983 1008 3082 temporis,
1021 2978 1445 3082 quoepiscopatusCar·

144 3079 376 3187 rhaginenfis,
386 3076 543 3155 durante
556 3078 815 3182 perseeutione
826 3083 975 3157 Ariana
989 3079 1053 3158 sub
1069 3079 1259 3182 Geraserico
1271 3102 1308 3160 et
1322 3081 1444 3160 Ηιιηε·

146 3191 238 3282 rico,
263 3181 412 3260 duobus
437 3179 619 3256 haereticis
637 3179 887 3276 Vandalqrum
908 3180 1078 3286 regibus,
1102 3184 1264 3280 vacauit,
1290 3209 1376 3260 cum
1398 3210 1444 3262 eo

148 3281 444 3390 comparauetis,
468 3279 508 3356 id
521 3279 629 3380 quod
647 3281 738 3360 teste
759 3303 962 3362 victora
986 3305 1201 3359 vttcaust
1227 3274 1248 3340 d
1273 3309 1352 3361 non
1377 3287 1444 3362 mi·
1514 3356 1518 3369 ,

1371 3409 1579 3462 Πῑῑδκ.

148 3562 247 3642 piant3
274 3553 402 3636 Qtodst
425 3553 554 3636 accipere
577 3547 773 3634 neglexerint,
817 3543 945 3606 dicemus
966 3561 1045 3602 anno
1083 3537 1215 3622 sequenti
1245 3546 1278 3606 in
1305 3545 1445 3608 eleiiione

148 3659 260 3705 retnoto
290 3641 496 3701 interuentore
528 3636 566 3700 lie
592 3647 772 3710 remaneant,
817 3625 1152 3695 Cornelii.A;CCLlV.
1163 3628 1193 3704 ns.
1203 3631 1308 3690 XLVI.
1321 3627 1401 3714 seqq.
1436 3635 1438 3640 '

149 3726 285 3810 quamdiu
300 3722 352 3786 sibi
366 3721 532 3810 episcopum
546 3735 685 3804 querant.
855 3716 885 3794 e)
906 3709 1349 3798 Pearson.an1nt.cyprnn.an.
1358 3715 1444 3780 CCL.

102 3875 107 3880 ,
188 3807 562 3893 2)apist.xxx1.al.xxx.
571 3827 615 3892 ap.
625 3801 770 3888 Cyprian.
814 3799 1216 3868 n.111.etan.CCL1.n.v1.
1434 3807 1443 3818 '

148 3921 174 3982 p,
186 3905 230 3970 58,
252 3895 301 3975 (p.
309 3914 357 3968 44,
365 3893 417 3954 lin.
431 3893 480 3953 vlt·
497 3914 527 3976 P·
539 3909 590 3973 45·
602 3892 657 3955 lin.
670 3909 690 3950 t.
702 3887 771 3952 edit.
856 3883 891 3960 d)
904 3883 1006 3946 vietor
1020 3883 1056 3944 de
1068 3879 1208 3964 perl'ecut.
1217 3886 1444 3958 Vandallibll.

151 3976 234 4046 Paris.
246 3977 466 4054 MDCLXVI.)
815 3968 906 4054 (tom.
929 3969 998 4034 VII.
1025 3968 1195 4032 bibliothec.
1218 3971 1265 4032 SS.
1279 3990 1354 4054 patr.
1373 3975 1443 4036 edit.

190 4067 223 4146 b)
245 4061 558 4130 berennicem
574 4059 675 4128 nvi,
716 4057 773 4120 Va·
814 4051 902 4140 Paris
916 4055 1145 4124 Motxxxtx.
1157 4077 1187 4138 p.
1207 4055 1309 4142 1899.)
1353 4058 1444 4126 Dedit

151 4151 216 4218 cille
230 4149 328 4213 sedem
345 4149 408 4210 eius
421 4167 501 4212 anno
517 4167 576 4213 vno
590 4144 773 4237 etamplius,
817 4155 915 4204 autem
932 4139 1101 4216 licentiam,
1123 4143 1243 4208 Zenone
1266 4143 1444 4226 imperatore

196 4249 467 4359 Bingli.Vol.L
899 4239 939 4446 lg
1416 4251 1418 4256 ·
