3746 4930
159 415 407 514 naturast.
424 417 746 514 Ettscotot'vnt
762 459 993 533 tutatum,
1019 459 1459 539 MONACH08,caet.-103

159 549 1459 574 *Qum-*uuanda*-

159 591 262 668 sttato
276 615 313 668 et
327 592 557 694 praepostero
568 590 699 669 ordine
713 595 972 693 geri,ii,quum
987 596 1133 672 abbates
1147 593 1299 672 subiedii
1314 594 1384 672 esse
1398 595 1457 673 de·

156 691 268 770 beant
283 695 487 795 episcopis,
515 713 641 768 contra
669 716 709 768 ea
732 693 901 794 episcopi
927 697 1048 772 abbati
1070 694 1215 772 cuidam
1238 695 1388 771 subiesii
1404 695 1458 772 fu·

156 798 262 870 erint.
312 795 401 871 Hoc
416 795 541 872 ordine
553 791 745 898 inufitato,·
773 818 814 870 vt
827 796 912 872 scite
927 819 1032 872 notar
1046 798 1158 874 nant
1173 800 1206 896 t,
1220 795 1347 876 fiebat:
1368 799 1458 876 Hoc

19 973 25 982 ,
42 939 48 944 -
154 897 306 972 enimin
322 895 467 972 ecclefia
481 897 669 998 primitius
684 895 768 1094 fleg
780 922 855 972 non
871 900 1074 981 consueuit.

177 1097 255 1174 Nec
269 1120 339 1172 non
353 1092 705 1199 omnesstcbordinati
717 1097 950 1201 magistratus
963 1106 1003 1178 in
1018 1097 1125 1176 rebus
1145 1099 1197 1176 ad
1194 1097 1433 1202 spiritualem
1550 1135 1554 1146 ·

532 1199 814 1276 iurisdietionem
828 1201 1080 1278 attinentibus.
1230 1279 1239 1304 2

161 1343 163 1352 ι
251 1324 323 1378 urs
341 1299 576 1400 temporibus
592 1303 810 1377 existimatio
835 1326 872 1379 et
886 1306 1082 1380 auctoritas
1101 1297 1364 1402 episcoporum
1380 1319 1455 1374 tan-

152 1420 187 1475 ta
202 1424 279 1477 erar
294 1424 330 1476 et
345 1425 419 1476 tam
433 1403 651 1476 venerabilis
669 1408 706 1476 in
720 1405 838 1480 oculis
861 1408 1053 1497 omnium,
1079 1423 1122 1477 vt
1142 1401 1209 1503 ipsi
1227 1399 1453 1475 subordinari

152 1503 383 1606 magistratus
400 1500 564 1600 ipsorum
582 1501 759 1604 spirituali
775 1505 975 1605 disciplina
992 1529 1029 1582 er
1049 1499 1359 1579 animaduersioni
1375 1501 1452 1576 sub·

153 1607 323 1680 iacerent.
373 1600 538 1676 Vrbium
560 1625 601 1677 ac
623 1606 904 1702 prouinciarum
931 1606 1129 1706 praesedos
1147 1625 1258 1700 atque
1273 1602 1452 1704 guberna·
1508 1645 1511 1650 Α
1562 1603 1567 1609 ’
1614 1635 1621 1648 ·

152 1722 252 1778 tores
275 1704 428 1778 litteras
449 1707 787 1778 connnunicaturiat
805 1703 853 1778 ad
868 1709 1086 1806 episcopum
1104 1705 1177 1779 loci
1188 1761 1198 1800 ,
1224 1727 1305 1798 quo
1321 1703 1366 1776 ab
1387 1727 1452 1796 eu,

151 1821 266 1902 penes
284 1819 400 1898 quem
416 1823 497 1878 tum
512 1802 653 1878 summa
672 1803 819 1902 imperii
842 1825 934 1894 erat,
961 1804 1220 1898 mittebantur,
1250 1803 1374 1877 secum
1399 1801 1450 1876 su·
1478 1825 1482 1832 ·
1518 1805 1530 1864 s

151 1925 254 2002 mere
270 1901 484 2002 oportebat,
511 1925 547 1978 et
562 1903 742 2002 quamdiu
758 1903 883 1990 officio
898 1908 973 1980 illio
988 1906 1247 2009 fungebantur,
1261 1927 1361 1978 curae
1376 1906 1452 2004 epi·
1533 1987 1537 1993 ,
1592 1921 1593 1924 ’

148 2006 251 2105 scopi
274 2003 467 2099 suberanr3
495 2007 576 2101 qui,
602 2005 732 2104 stquid
755 2007 800 2080 ab
823 2005 907 2106 ipfis
931 2029 1057 2082 contra
1078 2005 1308 2108 disciplinam
1330 2005 1451 2103 publi·

149 2129 230 2180 carn
244 2104 521 2200 admitteretur,
541 2131 620 2281 pro
636 2107 863 2202 austorirate,
880 2133 950 2206 qua
965 2133 1033 2207 per
1046 2107 1147 2210 leges
1164 2107 1373 2206 imperiales
1391 2129 1449 2181 va·

147 2209 259 2302 lebat,
278 2229 297 2280 a
312 2206 498 2280 sacrorum
514 2232 536 2280 v
554 2231 576 2281 u
591 2228 629 2283 et
641 2207 919 2283 christianorum
936 2231 1125 2284 conuentu
1148 2234 1213 2284 eos
1228 2231 1353 2283 arcere
1367 2227 1449 2305 pot·

148 2330 261 2400 erar.u
288 2306 376 2382 Hoc
391 2305 563 2386 discimus
580 2335 623 2384 ex
640 2333 783 2386 canone
798 2309 962 2407 quodam
987 2311 1136 2385 concilii
1157 2305 1383 2410 Arelatenfis
1409 2317 1450 2402 ¹¹,

148 2407 252 2510 quod
267 2407 312 2482 ab
325 2405 406 2508 ipso
424 2405 648 2506 Constantino
662 2431 911 2484 conuocarum
927 2408 1016 2503 suit,
1042 2411 1107 2508 qui
1122 2411 1208 2486 istos
1224 2429 1383 2484 canones
1397 2431 1449 2494 ra·

147 2531 206 2587 tos
223 2509 366 2584 habitos
384 2509 463 2582 vim
478 2509 671 2587 sandionis
684 2508 832 2608 imperii
842 2511 976 2587 habere
992 2511 1096 2584 iullit.
1147 2512 1195 2585 Et
1208 2511 1248 2592 vi
1261 2511 1372 2584 huius
1383 2533 1448 2608 po·

149 2612 284 2687 testatis
301 2609 382 2686 ense
399 2606 574 2710 spirituali
597 2613 634 2685 in
656 2613 794 2712 impios
816 2633 853 2686 et
874 2611 1054 2712 profanos
1083 2608 1312 2712 magistratus
1339 2612 1448 2684 inter·

149 2715 240 2786 dum
258 2710 382 2784 stritto
404 2712 457 2786 ab·
477 2713 581 2786 omni
602 2712 762 2788 ecciesiae
789 2715 1058 2788 communione
1084 2711 1167 2786 ilios
1192 2710 1446 2788 excludebant.

149 2813 269 2890 Cuius
287 2815 339 2886 rei
356 2816 570 2914 exemplum
586 2813 693 2890 nobis
711 2812 796 2889 sistit
811 2838 1027 2892 stutstvs
1045 2813 1308 2909 ,Ptolemaidis
1321 2815 1358 2886 in
1374 2813 1446 2886 Ae·
1465 2839 1468 2846 ⁴

140 2932 254 3018 gypto
269 2915 462 3016 episcopus
489 2927 541 3014 W,
567 2919 692 3013 quiin
717 2913 972 2996 Andronicum
990 2911 1227 3018 praefectum,
1253 2915 1301 2990 ob
1318 2908 1451 3086 crpdei
1516 3015 1521 3026 Κ

638 3033 640 3040 ’
1381 3034 1444 3088 1ῐᾶ-

193 3187 218 3262 t)
242 3185 308 3246 ssed.
324 3184 511 3266 b'stor.gent.
522 3189 647 3266 Angior.
658 3185 708 3252 lib.
722 3191 777 3251 111.
818 3213 876 3272 que
887 3190 955 3252 iocis
968 3189 1118 3273 gesserint,
1127 3191 1162 3250 ab
1175 3189 1445 3273 episcopoeiutdem

148 3291 176 3336 o.
185 3273 238 3330 IV.
282 3269 398 3328 Habere
412 3265 482 3332 solet
497 3268 555 3350 ipsa
579 3269 669 3330 iui'ula
687 3274 777 3335 reclu-
820 3278 877 3338 loci
891 3295 958 3336 cura
975 3277 1009 3334 dc
1027 3275 1212 3355 iilisagatur;
1233 3293 1261 3334 at
1274 3298 1339 3338 curn
1352 3299 1444 3361 coepe·

148 3375 209 3416 tem
225 3351 475 3436 semperflalbarem
489 3351 711 3438 presbyterum,
729 3378 777 3420 tu·
820 3363 882 3421 rint
898 3375 999 3422 contra
1020 3358 1199 3440 disciplinam
1219 3361 1363 3439 publicant
1380 3384 1445 3446 agc-

147 3442 193 3501 ius
210 3443 267 3501 iuri
279 3461 307 3501 et
318 3443 415 3502 omnis
426 3442 581 3522 prouincia
594 3439 680 3519 etipsr
689 3444 776 3504 etiam
821 3466 866 3518 re,
879 3462 952 3504 tunc
963 3444 1083 3504 demum
1098 3445 1333 3507 aconsntuuione
1347 3449 1444 3510 exclu-

147 3524 272 3610 episcopi
287 3523 776 3606 ordiueinust'ratodebeantessesub·
820 3531 940 3594 dantur.
1408 3589 1414 3598 ,

145 3615 237 3688 ietti,
258 3617 338 3674 iuxta
354 3614 521 3693 exemplum
542 3613 629 3691 primi
649 3611 775 3674 dodoris
861 3621 904 3692 w)
925 3609 1026 3697 Syrtes.
1049 3635 1092 3696 ep,
1120 3617 1225 3676 LVIII.
1236 3616 1270 3676 ad
1295 3614 1442 3695 episcopos

146 3699 241 3772 illins,
255 3699 305 3778 qui
322 3719 381 3758 non
399 3695 547 3781 episcopus
560 3695 607 3760 sed
620 3701 776 3783 presbyter
818 3703 899 3785 (pag.
913 3719 972 3762 202.
984 3699 1053 3764 edit.
1063 3697 1161 3775 Paris.)
1183 3700 1286 3763 τούτου
1297 3701 1454 3778 demisere*

147 3785 258 3846 exstitit
272 3785 485 3850 ei'lnonachus.
819 3785 910 3860 γνοῖμῃ
920 3783 963 3851 κα)
970 3785 1133 3866 γλαῗήῃτζὶς
1146 3783 1331 3863 οἰενφθὲγξοιοο
1343 3803 1444 3860 aitrau·

150 3893 153 3898 ·
820 3875 868 3946 uit,
879 3871 942 3945 μηθ’
962 3863 987 3934 tit
1002 3865 1076 3928 tiatira
1088 3873 1246 3936 rutilantior
1265 3876 1275 3931 ὃ
1291 3872 1443 3954 dasem,

190 3958 225 4035 u)
249 3958 342 4020 Conc-
356 3955 464 4020 Arelat.
477 3959 500 4016 1.
514 3961 651 4025 canVll.
661 3959 774 4036 (tomi.
817 3948 968 4038 indm,
980 3953 1062 4030 μέλος
1075 3955 1184 4022 ἐνηέι-ος
1200 3954 1258 4033 ἕχον
1279 3958 1442 4026 ductantur}
1474 3989 1478 3998 ·

53 4069 61 4074 ⁴
148 4065 230 4108 conc,
241 4065 268 4124 p.
279 4042 375 4116 1427.)
419 4041 465 4099 De
478 4042 646 4122 pra'iidibus
669 4079 679 4092 ·
701 4079 713 4092 ·
736 4049 774 4105 ita
816 4045 890 4117 η’μὸν
915 4041 969 4112 ,ba
984 4045 1020 4115 pti
1035 4045 1067 4121 τῇ
1083 4046 1192 4120 ιιοιηοιίςι
1213 4041 1257 4118 ιη’
1282 4047 1315 4104 uti
1334 4050 1443 4118 esp-euitat

146 4133 269 4215 placuit,
293 4143 322 4188 ut
339 4144 431 4206 quum
447 4131 574 4206 promoti
591 4127 774 4204 luerint,iit·
817 4126 1021 4203 cupressiferae.
1096 4129 1131 4190 In
1170 4132 1238 4192 ituree
1297 4134 1341 4194 iile
1395 4155 1440 4192 vo·

145 4233 221 4277 teras
237 4216 379 4296 accipiant
399 4210 590 4272 ecclesiastices
610 4215 772 4296 communi·
796 4228 871 4276 'cem
913 4216 1044 4294 imperita
1086 4233 1176 4278 mettre
1217 4237 1248 4276 ac
1275 4219 1368 4303 lingue
1399 4235 1442 4274 ter

148 4305 286 4376 caterius:
308 4307 351 4365 lta
366 4317 476 4374 tamen,
499 4299 571 4378 triu
585 4302 772 4380 quibuscum·
814 4303 922 4386 erupit,
938 4303 1092 4382 secustdum
1113 4322 1197 4386 paam
1220 4303 1346 4382 utibilest,
1368 4301 1442 4388 quud
