3746 4930
148 573 210 626 me
228 555 416 626 conuenit.
467 553 713 656 Quamquam
729 550 828 624 enim
843 548 1015 649 vulgares
1040 548 1294 623 translationes
1309 566 1444 620 omnes

147 651 261 726 verba
286 650 521 750 ἐξεθενημένες
536 655 567 728 ἐν
581 653 623 738 rii
638 651 795 745 ἐκκλησίᾳ
809 649 987 738 reddent,
1011 647 1168 724 homines
1189 648 1288 722 nullo
1305 647 1382 723 loco
1403 649 1444 722 in

144 751 287 855 ecclesrn
314 749 485 828 habitos.-
526 737 724 826 roa'suas
751 767 875 824 tamen
908 771 1227 825 uourroorvs
1255 745 1444 842 obseruat,

144 853 249 946 quod
273 855 410 952 pariter
435 850 591 927 bortrines
602 849 750 956 summa
769 845 1048 947 existimationis
1067 847 1271 952 significare
1297 848 1443 949 polstnt.

141 953 231 1028 Vox
253 955 353 1028 enim
375 973 493 1054 graeca
514 951 736 1050 ἐξεθενημένοι
752 948 928 1050 significat
943 971 1083 1026 tantum
1104 952 1272 1051 priuatos
1288 949 1444 1046 ludices,
1473 997 1475 1003 ·

113 1049 204 1140 ,seu
240 1055 398 1129 arbitros
423 1053 468 1129 ab
497 1052 585 1154 iplis
613 1053 777 1154 parribus
813 1047 1069 1128 diffidentibus
1101 1049 1272 1142 eleii0s3
1312 1052 1441 1148 quales

140 1153 241 1229 intet¹
264 1152 406 1230 iudaeos
427 1152 599 1247 fuerunt,
623 1153 689 1250 qui
710 1149 937 1228 vocabantur
961 1147 1083 1248 ἰδιῶταί
1109 1173 1145 1227 et
1170 1175 1238 1226 nnn
1260 1150 1440 1228 authenti·
1553 1249 1556 1254 ι
1588 1225 1590 1233 ,

140 1256 193 1348 ci,
220 1279 298 1330 non
322 1253 427 1352 quod
452 1253 498 1329 de
527 1253 638 1354 plebe
665 1273 701 1330 et
725 1251 852 1328 infima
880 1252 1122 1328 multitudine
1149 1249 1280 1348 elsent,
1305 1251 1365 1328 sed
1387 1254 1440 1329 in·

139 1352 219 1428 simi
250 1353 297 1440 de
325 1354 429 1431 classe
456 1355 665 1446 iudiciarir3
692 1377 769 1429 non
796 1353 949 1450 quidem
976 1375 995 1426 a
1020 1349 1223 1428 Sanbedrin
1248 1373 1438 1449 tamquam

137 1476 344 1558 perpetuus
367 1454 551 1530 consellus
573 1475 611 1529 et
629 1452 888 1530 austorisatum
916 1455 1039 1531 forum
1061 1453 1266 1546 constituti,
1305 1453 1369 1529 sed
1393 1456 1440 1530 ab

12 1633 14 1642 ,
136 1553 222 1656 ipsis
249 1556 477 1659 litigantibus
506 1551 706 1628 caussarum
736 1555 882 1630 suarum
909 1557 1121 1655 cognitores
1150 1553 1266 1630 elesii.
1325 1557 1440 1635 Tales
1527 1639 1539 1656 N

12 1697 38 1744 ;-
135 1659 306 1755 priuatos
329 1651 469 1733 iudices
489 1654 696 1754 Apostolus
716 1654 931 1733 christianos
951 1659 998 1728 *in
1027 1654 1173 1730 ecclesia
1203 1656 1357 1756 eligere,
1390 1655 1438 1733 ad

137 1778 279 1853 eosque
294 1753 561 1837 controuersias
581 1779 624 1828 ac
637 1755 720 1830 lites
746 1755 823 1830 suas
847 1756 984 1832 referre
1005 1756 1133 1835 iubet:
1165 1779 1241 1852 quo
1261 1756 1340 1854 ipso
1360 1783 1438 1832 non

135 1858 304 1954 mandat,
330 1876 373 1932 vt
387 1854 435 1932 de
456 1855 722 1958 pauperrimis,
754 1856 891 1934 inlimis
912 1877 950 1932 et
968 1877 1095 1930 rerum
1116 1857 1275 1930 maxime
1297 1858 1437 1958 ignaris

11 2045 13 2054 Ι
135 1980 181 2032 ex
195 1957 344 2060 populo
357 1957 498 2034 iudices
515 1959 667 2055 eligant,
693 1953 754 2028 sed
771 1977 897 2032 contra
918 1957 1066 2058 potius,
1092 1977 1132 2032 vt
1161 1955 1333 2032 homines
1357 1956 1436 2034 ido·

11 2109 15 2154 t
133 2080 245 2154 neos,
270 2057 439 2160 sapientia
453 2056 692 2156 conspicuos,
720 2056 981 2152 quiiudicium
997 2055 1140 2133 ferendi
1156 2075 1268 2152 atque
1287 2081 1434 2136 contro·

11 2213 13 2256 ;
131 2157 265 2236 verstas
291 2180 387 2234 mter
413 2159 541 2234 fratres
561 2157 646 2232 suos
668 2157 867 2232 dirimendi
896 2157 1109 2233 austoritate
1129 2158 1291 2254 valeant,
1325 2157 1461 2238 adsci-

11 2311 13 2356 3
131 2259 239 2334 scant.
289 2259 482 2362 Qioniam
504 2283 597 2333 vero
624 2281 738 2334 nemo
761 2259 976 2336 melioribus
998 2261 1036 2334 in
1055 2259 1150 2332 hanc
1176 2282 1256 2333 tem
1280 2255 1434 2346 dotibus

132 2359 330 2435 instrusius
347 2356 417 2435 else
437 2356 675 2454 credebatur,
702 2383 815 2456 quam
831 2359 1016 2460 episcopi,
1043 2357 1130 2435 ideo
1145 2356 1313 2435 officium
1339 2361 1431 2438 iudi·

10 2535 13 2552 ,
133 2463 427 2566 cisOplerumque
443 2457 528 2561 ipsis
548 2457 783 2536 deferebatur
790 2515 802 2552 ,
828 2461 934 2556 quod
950 2486 1016 2561 per
1031 2458 1237 2535 decentiam
1254 2481 1290 2534 et
1307 2465 1432 2539 carita·
1535 2475 1539 2480 ’

10 2593 12 2662 5
59 2647 63 2652 ,
131 2583 209 2638 tem
237 2561 440 2637 derresiare
468 2559 522 2634 illi
554 2583 630 2658 non
660 2582 844 2662 poterant.
894 2565 1022 2658 Atque
1050 2561 1137 2636 inde
1163 2560 1243 2636 haec
1266 2560 1378 2638 officii
1395 2585 1433 2641 et

131 2662 334 2741 funilionis
351 2661 567 2763 episcopalis
594 2685 679 2762 pars
707 2661 952 2751 veram-suam
979 2663 1165 2764 originem
1179 2659 1323 2740 traxille
1338 2665 1432 2742 milti

10 2753 12 2784 ³
130 2764 290 2843 videtur.

181 2961 274 3040 Hac
294 2963 534 3070 episcoporum
547 2863 868 3070 potestas§legibrrs
880 2969 1138 3067 imperatorum
1157 2963 1381 3067 coafhmata.

228 3087 352 3162 ovon
371 3089 495 3158 autem
515 3066 564 3142 fic
587 3073 625 3142 in
651 3066 960 3146 consuetudinem
982 3071 1069 3145 abiit
1091 3127 1101 3163 ,
1124 3071 1292 3147 ciuilibus
1313 3067 1427 3170 magi·

128 3163 306 3250 stratibus,
307 3169 480 3267 profanae
503 3171 712 3269 gentilitatis
729 3167 976 3270 superstitioni
996 3172 1119 3244 adbuc
1134 3171 1428 3266 adhaerentibus,
1470 3231 1472 3237 .

127 3268 165 3344 id
180 3267 326 3368 postea,
351 3269 639 3368 imperatoribus
654 3269 884 3348 christianam
900 3271 1120 3370 religionem
1135 3271 1335 3370 amplexis,
1359 3294 1429 3370 per

1010 3386 1034 3418 *x
1325 3373 1427 3471 leges

548 3501 606 3516 ..-
621 3503 1425 3527 *uun—„numum

128 3555 274 3638 sequitur,
294 3551 432 3636 viliffimor
446 3559 475 3618 ln
484 3555 587 3638 ecclefir
597 3555 756 3639 constituite,
798 3575 857 3622 tem
869 3558 1022 3640 Apostolos
1033 3555 1297 3620 vlitatmnllebraeis
1309 3577 1422 3622 morem

128 3662 191 3702 nou
205 3637 412 3714 (astamorsel
427 3645 755 3726 comparatiuearcipio,
798 3642 954 3725 respicere,
976 3645 1052 3726 apud
1075 3665 1148 3724 quos
1174 3645 1280 3708 iudicia
1303 3647 1424 3724 quidem

127 3725 199 3788 ficut
216 3727 286 3787 illutl
295 3726 398 3788 blattlt.
410 3731 444 3803 V,
453 3748 493 3804 39.
514 3729 614 3812 Siquis
625 3726 754 3814 perruffe·
797 3731 979 3812 pecuniaria,
1000 3751 1062 3810 que
1076 3731 1216 3790 momenti
1233 3732 1337 3802 ernut',
1360 3753 1384 3797 e.
1393 3747 1423 3810 g.
1536 3775 1543 3790 .

127 3815 169 3870 rit
189 3831 215 3869 re
235 3815 263 3870 in
278 3814 422 3873 maxillam
443 3811 586 3888 dextram,
610 3811 720 3874 oburrte
732 3819 756 3876 ei
798 3836 860 3894 qua
881 3817 916 3875 de
933 3819 1033 3896 rapina
1050 3831 1078 3874 er
1093 3811 1204 3875 lalionc
1218 3829 1308 3888 etant,
1323 3837 1337 3874 a
1355 3837 1425 3878 rott-

125 3914 152 3954 et
164 3895 299 3968 alteram,
321 3897 415 3970 idest,
438 3906 627 3982 potiusquam
646 3893 754 3960 alctsca-
799 3897 869 3960 sellu
882 3901 1116 3961 trium-virorum
1131 3899 1424 3983 peragebantut,qui
1534 3907 1542 3922 '

127 3981 168 4042 tis
185 3998 227 4053 te,
250 3981 371 4040 olmertc
387 3999 415 4042 ct
430 3985 567 4048 atterant
589 3988 627 4046 ita
645 4002 672 4044 et
690 3983 754 4046 heic
797 4005 898 4046 omncs
914 4002 996 4046 eraut
1012 3981 1112 4057 δόκιμοι
1124 4031 1130 4056 ,
1142 3985 1255 4066 publica
1272 3987 1424 4051 anaor-in-

126 4063 301 4128 stiuiuriam
317 4085 377 4127 non
393 4067 479 4127 vultis
497 4064 544 4128 sed
562 4069 684 4130 cassim
707 4091 752 4132 ve·
796 4087 824 4131 te
838 4071 990 4152 approbati
1005 4085 1034 4131 et
1050 4072 1172 4130 immiti:
1195 4074 1311 4152 reliqna¹
1324 4075 1422 4135 taussae

125 4149 211 4212 stram
226 4154 287 4235 agi,
310 4155 408 4234 ,totius
419 4173 506 4231 quam
527 4155 603 4234 apud
621 4153 750 4218 inn'aeles
794 4159 994 4236 pecuniariae
1010 4157 1103 4219 tribus
1115 4159 1200 4220 etiam
1224 4158 1302 4220 laicis
1315 4158 1420 4220 diiudi-

125 4257 192 4296 cum
206 4237 295 4297 statue
309 4233 588 4318 relltodisccpretis,
604 4239 749 4301 vilillimos
794 4239 852 4302 cari
865 4258 1010 4322 poterant.
1033 4233 1039 4247 '
1074 4256 1081 4272 ·

125 4321 158 4382 in
171 4321 282 4385 ecclesa
292 4323 401 4386 iudices
416 4321 539 4386 llntuire.
571 4319 754 4387 l‘itlerurau·
