3790 4918
443 395 520 474 340
584 381 819 446 outothvra
843 370 1302 440 ucoctsxhsrtelltvm
1333 375 1468 436 timii,
1496 377 1667 436 chhxxl.

446 471 1740 518 mmmmm—amm

342 599 344 605 Α
447 529 632 605 rationem
646 521 834 614 habitam,
859 514 920 594 secl
935 512 983 592 de
1007 518 1148 592 caeteris
1165 535 1252 590 eum
1270 509 1579 606 eteuumfurffe,
1602 507 1750 611 perspi·

246 716 248 726 ,
357 683 375 706 -.
451 623 680 704 cueadserit:
706 617 970 700 tantummodo
986 612 1150 716 eligendi
1170 611 1390 714 potestatem
1406 611 1572 690 diaconia
1592 611 1749 688 videtur

450 729 616 808 tribuere
633 743 641 800 :
667 719 730 799 sed
745 743 837 798 vero
850 716 877 794 s1
892 713 987 812 quid
1003 713 1301 791 commerciihac
1315 716 1354 788 in
1368 737 1409 792 re
1423 712 1654 806 habuerunt,
1679 709 1747 786 sub

213 845 222 854 ’
331 906 336 914 ,
453 825 622 930 episcopi
648 819 853 898 directione
881 815 920 892 id
948 811 1109 892 habuisse
1135 811 1308 888 censendi
1329 814 1437 912 sunt,
1462 817 1608 916 quippe
1622 814 1692 908 qui
1708 813 1750 888 in
1875 883 1876 892 ,

450 927 675 1027 quibusdam
691 915 893 1000 canonibus
907 917 1057 993 iubetur
1076 914 1140 992 fibi
1161 913 1464 998 archidiaconum
1481 915 1620 1016 eligere
1642 933 1681 988 et
1693 911 1749 988 se·

450 1031 598 1107 niorem
615 1021 800 1098 ordinarie
815 1019 955 1094 caeteris
969 1015 1148 1117 praeferre·
1161 1072 1181 1108 ,1
1196 1011 1223 1087 st
1241 1013 1327 1092 huic
1341 1013 1467 1091 officio
1482 1030 1574 1091 vere
1587 1015 1750 1092 idoneus

452 1127 657 1216 exsilierat:
681 1121 731 1198 stn
748 1121 894 1214 minus,
918 1120 1030 1194 aliurn
1047 1113 1246 1214 quemdam
1261 1116 1400 1216 eligere
1421 1115 1607 1212 debebat,
1631 1137 1750 1210 quem

271 1221 280 1236 ’
339 1245 341 1252 ’
452 1229 502 1304 ad
517 1225 636 1304 officia
651 1216 886 1298 ecclesrastica
900 1218 1072 1298 obeunda
1099 1205 1121 1274 h
1146 1217 1460 1318 prouinciamque
1476 1214 1541 1292 stbi
1560 1211 1752 1294 concredi·

452 1312 529 1406 tam
545 1325 643 1405 reue
660 1315 987 1399 administrandam
1004 1321 1177 1494 οτηηίΙιιΙτΙη
1193 1321 1361 1419 matt'ane
1369 1317 1553 1394 idoneum
1563 1315 1755 1410 iudicaret.

560 1525 780 1628 Plerumque
802 1543 916 1600 tanta
942 1417 1356 1630 eranfexistipnionis
1379 1539 1418 1594 et
1436 1514 1648 1621 potcstatis,
1743 1575 1749 1592 .

466 1713 472 1719 ,
655 1655 663 1676 ‘
711 1646 757 1700 vt
779 1625 1019 1741 episcoporum
1031 1617 1248 1726 sttccefforrr
1271 1621 1503 1722 eligerentur.

466 1779 472 1796 ·
559 1749 780 1806 orrrcrvu
801 1723 1052 1802 archidiaconi
1070 1741 1249 1837 magnum
1268 1719 1417 1821 semper
1434 1719 1625 1800 honorem
1638 1739 1756 1819 atque

413 1874 420 1891 ι
454 1829 676 1934 dignitatem
692 1826 836 1904 habuit:
862 1841 1067 1928 perpetuus
1081 1845 1181 1900 etum
1197 1819 1364 1924 episcopi
1376 1821 1545 1899 minister
1561 1823 1755 1902 eratertd-

408 1990 412 2003 ,
454 1937 577 2028 lutor,
605 1949 642 2018 et
656 1926 742 2030 post
755 1927 971 2030 episcopum
988 1921 1167 2004 uniuersae
1184 1921 1343 1998 ecclesiae
1358 1919 1461 2000 oculi
1474 1923 1513 2000 in
1526 1922 1650 2026 ipsum
1665 1949 1755 2002 cott-

325 2095 337 2125 ,
455 2031 552 2118 versa
569 2051 682 2108 erant.
732 2031 827 2144 QO
842 2027 923 2126 ipso'
938 2023 976 2102 id
991 2019 1208 2100 lucrifacere
1228 2023 1391 2120 solebat,
1417 2045 1459 2101 vt
1473 2047 1553 2124 prae
1568 2021 1656 2124 ipsas
1674 2049 1759 2128 pre·

456 2131 618 2232 sbyteris
632 2129 795 2229 episcopt
806 2123 860 2203 sui
875 2123 1055 2204 successor
1067 2123 1276 2226 eligeretur
1325 2124 1449 2226 ¹Cuitts
1463 2125 1520 2204 rei
1536 2125 1681 2210 diuersa
1697 2151 1760 2204 ex·

432 2253 435 2260 '
456 2257 519 2310 em
549 2223 856 2330 la,Atbanafius,
868 2227 1081 2315 Caecilianur
1093 2245 1129 2302 et
1142 2226 1201 2301 alii
1215 2218 1431 2326 complures
1447 2221 1584 2302 adferri
1597 2225 1758 2328 possent.

455 2333 508 2414 Et
521 2257 620 2426 lac,
632 2351 736 2420 reor,
748 2324 864 2402 caulla
878 2325 1203 2434 elblquamobrem
1218 2349 1514 2404 manouruvs
1529 2327 1759 2408 archidiaco-
1789 2365 1798 2376 =

456 2457 556 2514 num
574 2431 708 2506 iniuria
727 2425 764 2504 se
786 2426 910 2604 ipsum
936 2441 951 2486 ¹
976 2424 1072 2504 dicat
1088 2423 1266 2524 adlicere,
1291 2425 1529 2529 sipresbyter
1542 2429 1761 2513 ordinetur:

455 2533 702 2640 probabiliter
715 2553 792 2627 quo
837 2529 911 2606 hoc
924 2528 1004 2630 ipso
1022 2529 1268 2606 commodum
1283 2527 1389 2610 suum
1406 2531 1446 2605 in
1461 2529 1610 2608 ecclelia
1621 2531 1760 2630 perde·

288 2715 298 2741 ,
336 2641 338 2646 ’
457 2657 528 2732 ret,
553 2659 622 2710 nec
634 2631 681 2708 ad
695 2627 1150 2733 amplioremdignitatem
1166 2627 1329 2730 prouehi
1341 2620 1490 2730 pollet(
1521 2632 1574 2707 lta
1589 2634 1627 2706 in
1641 2634 1761 2707 eccle·

457 2735 508 2824 lia
519 2737 680 2812 Romana
695 2727 910 2824 obtinuisse,
923 2731 1081 2808 firmiter
1092 2729 1287 2832 pollamua
1301 2728 1545 2832 concludere,
1559 2732 1584 2808 st
1599 2733 1759 2831 quidem

456 2835 523 2931 id,
549 2829 1623 2933 quoduvroorvs,scriptorgraerusapudauommt,
1650 2831 1758 2930 dicit,

455 2959 555 3016 uero
573 2927 954 3011 estconsentaneum:
979 2931 1214 3028 quoderae
1227 2934 1408 3010 nimirum
1422 2933 1483 3011 lex
1507 2925 1532 2994 k
1558 2933 1691 3031 fuerit,
1714 2955 1755 3010 vt

420 3043 423 3052 ’
457 3031 736 3115 archidiaconus
751 3029 932 3122 succell'or
943 3031 1106 3135 episcopi
1121 3034 1338 3136 eligeretur,
1352 3055 1389 3112 et
1402 3033 1510 3134 quod
1522 3035 1663 3114 idcirco
1671 3036 1759 3114 Cor·

463 3141 582 3224 aelim
601 3131 855 3210 donatianum
873 3133 1100 3212 ordinauerit
1122 3135 1410 3236 presbyterum,
1434 3139 1478 3212 vt
1493 3136 1705 3240 priuilegiis
1722 3160 1762 3216 et

456 3245 523 3334 spe
538 3231 757 3312 succedendi
771 3259 859 3312 eum
874 3236 1046 3410 priuaret.
1064 3273 1068 3280 ·
1097 3236 1170 3312 Sed
1184 3258 1402 3338 praegnans‚
1412 3238 1551 3335 fateor,
1573 3237 1690 3315 caussa
1705 3238 1763 3316 est

459 3335 508 3418 de
523 3335 678 3415 veritate
699 3333 813 3414 huius
834 3359 874 3412 re
890 3337 1024 3414 arionis
1048 3331 1258 3432 dubitandi,
1284 3357 1363 3412 tum
1388 3337 1495 3432 quod
1511 3337 1559 3415 de
1572 3339 1761 3420 eiusmodi

456 3443 542 3548 lege
556 3439 596 3516 in
610 3434 758 3516 ecclesia
769 3435 891 3516 latina
903 3436 997 3514 nihil
1010 3437 1168 3540 legimus
1175 3459 1190 3534 3
1214 3457 1295 3516 tum
1309 3439 1413 3540 quod
1426 3440 1488 3516 hic
1501 3438 1629 3518 audior
1643 3444 1761 3518 mani·

1662 3541 1761 3622 festo

500 3709 536 3790 h)
558 3707 653 3772 Conc.
664 3704 776 3794 Agath.
787 3721 811 3770 r.
821 3697 925 3765 lllllll.
937 3705 1027 3778 (torn.
1038 3703 1090 3767 lv.
1133 3709 1201 3788 quia
1217 3729 1269 3790 per
1279 3702 1390 3793 srhgula
1406 3707 1599 3771 concionatur
1614 3711 1649 3770 in
1667 3727 1767 3792 popu·

456 3815 489 3880 p.
503 3797 604 3872 1382)
637 3789 667 3854 Si
688 3789 819 3854 officium
840 3785 1090 3852 archidiaconatus
1132 3791 1193 3868 lot,
1214 3806 1244 3854 et
1259 3816 1273 3855 a
1291 3792 1440 3876 pontificis
1454 3793 1615 3865 latetenou
1630 3795 1767 3874 recedit,

457 3893 579 3964 propter
599 3875 803 3960 simpliciorem
817 3890 952 3934 naturam
966 3875 1089 3954 implere
1130 3879 1264 3938 iniuriam
1275 3893 1374 3960 putat,
1390 3875 1424 3956 fi
1430 3875 1576 3958 'presbyter
1588 3877 1746 3940 ordinetur.

458 3977 510 4023 aut
526 3961 674 4042 expedire¹
690 3959 859 4041 nequiuetlt
875 4004 882 4032 ,
906 3959 953 4018 illc
969 3957 1025 4020 loci
1044 3955 1088 4018 sui
1173 3961 1208 4038 h)
1229 3961 1325 4046 Eulog
1350 3955 1395 4044 cp.
1409 3959 1493 4029 Phor.
1505 3963 1571 4027 cod.
1587 3963 1767 4037 clxxxn,

458 4063 569 4110 nomeu
584 4058 683 4128 teneat
692 4089 701 4120 ,
724 4059 752 4104 et
764 4043 946 4106 ordinationi
958 4039 1087 4118 ecclesia,
1130 4043 1181 4104 τὸ
1194 4039 1373 4127 igniarium
1385 4041 1514 4120 s’rtn'pm
1524 4045 1647 4124 radam.»
1663 4049 1702 4108 rb*
1715 4046 1766 4134 ἐς·

368 4133 373 4138 ’
458 4149 546 4215 quam
563 4123 712 4214 episcopus
729 4127 867 4211 elegerit,
891 4143 1086 4210 preponatur.
1105 4195 1109 4202 .
1128 4127 1318 4210 gargarium
1345 4129 1515 4207 wiredus.
1576 4129 1763 4197 Amicissim-

500 4217 526 4299 i)
548 4209 1085 4286 Hieromcominllzech.ellLVlll.
1127 4237 1196 4278 nam
1213 4212 1361 4296 fitrrede're
1378 4215 1496 4301 stimmo
1513 4216 1658 4302 fitterdatt'
1668 4215 1767 4298 staru-

458 4303 546 4367 Cette
564 4301 616 4386 qui
628 4304 742 4385 punam
765 4297 858 4394 suerit
877 4295 1085 4382 ntinillrmm,
1112 4301 1190 4366 'rtt'm
1212 4319 1283 4375 rtur.
1375 4356 1378 4362 ,

1120 4540 1128 4579 l
