3778 4936
341 413 345 422 '
396 377 400 388 ¹
483 383 840 526 paduanum
871 445 1197 528 avcuonis.
1231 555 1431 583 ........
1473 475 1517 558 3,

155 555 438 666 runiiidroruni
452 586 537 690 plost
551 587 709 666 eiusfau
718 585 907 689 editorum
916 557 1330 688 supplementaaddann
1345 569 1518 690 atqueit'd

156 688 956 792 ipiiusbeneficiumaugeantperiiciantque.
977 691 1148 794 Quaeres
1160 714 1248 766 cum
1257 689 1349 768 mihi
1358 691 1516 792 ipsi-tum

157 793 239 868 aliis
248 795 285 869 in
303 791 410 868 simili
425 792 510 868 vita
524 792 669 868 ratione
692 788 901 868 constitutis
921 815 1027 866 nouo
1046 788 1208 870 subsidio
1227 792 1444 891 auxilioque
1461 793 1519 870 fu·

153 913 254 989 tura,
282 891 795 992 nosqueadprnmouendam
809 893 1004 969 utilitatem
1019 890 1208 991 publicam
1225 896 1341 992 magis
1352 895 1516 984 idoneos

151 995 345 1072 redditura
359 991 456 1071 effet.
506 993 661 1070 Interim
678 993 795 1070 letior
817 993 1019 1070 commode
1037 995 1080 1068 iis
1096 999 1151 1071 vti
1167 998 1326 1096 poterit,
1342 1020 1517 1094 quaenon
1625 991 1627 996 ’

153 1093 230 1172 fine
246 1095 367 1172 multo
387 1096 514 1172 labore
524 1117 561 1172 et
569 1093 748 1172 industria
764 1117 784 1168 a
800 1119 861 1172 me
876 1092 1032 1172 concita
1046 1115 1157 1194 atque
1172 1097 1211 1172 in
1225 1095 1398 1174 ordinem
1414 1100 1516 1177 reda·

154 1198 212 1274 tta
227 1196 318 1274 sunt.
370 1197 428 1276 De
443 1196 503 1272 sua
517 1195 631 1302 ipsius
655 1199 766 1274 etiam
780 1197 943 1293 ‚lediione
963 1195 1075 1292 atque'
1108 1196 1367 1276 obseruatione
1388 1199 1432 1276 iis
1452 1201 1514 1280 ad·
1568 1282 1578 1304 ,

153 1295 244 1376 dete
254 1297 395 1402 potest,
420 1295 745 1398 quemadmodum
754 1323 826 1399 ego
835 1299 879 1374 ad
890 1295 1055 1374 diuersos
1070 1297 1241 1375 nudiores
1251 1358 1264 1402 ‚h
1283 1303 1514 1402 quosperiu·

152 1399 291 1478 strandi
306 1422 344 1480 et
355 1396 556 1478 adhibendi
570 1400 700 1478 nastus
714 1400 795 1476 sum
812 1399 1063 1495 occationem,
1078 1398 1333 1479 adnotationes
1342 1403 1423 1480 feci.
1476 1407 1514 1482 A

151 1526 320 1600 quotum
336 1525 414 1578 non
428 1501 540 1576 nuliis
555 1503 683 1598 iisque
697 1499 918 1578 eruditionis
935 1495 1030 1575 fama
1043 1499 1251 1602 conspicuis
1270 1505 1366 1581 circa
1377 1503 1514 1603 delicu·
1545 1506 1546 1509 ’

153 1623 207 1678 tas
223 1601 408 1700 quasdam
422 1620 458 1675 et
474 1601 680 1698 peculiares
703 1603 874 1677 materias
888 1601 1079 1676 interdum
1097 1599 1332 1682 dtuemiendi
1352 1607 1532 1704 aliquam·

153 1699 822 1799 mihineceiiitatemimponicredidi,
873 1702 1101 1796 Numquam
1121 1701 1426 1782 verodiffensum
1437 1733 1514 1783 me-

152 1803 388 1888 umtestntus
405 1801 503 1894 sum,
528 1799 594 1876 nifi
608 1802 770 1876 rationes
789 1823 888 1876 meas
911 1795 1129 1896 indicando,
1154 1802 1332 1903 ipsosque
1347 1807 1395 1898 ita
1409 1831 1516 1888 reue·
1600 1807 1606 1818 ⁴

150 1922 279 1982 uenter
298 1927 340 1980 ac
362 1901 572 1978 honorifice
594 1901 802 1996 tractando,
829 1900 1154 1999 quemadmodum
1171 1923 1317 2005 magnae
1331 1903 1513 1991 dodirinae

147 2025 189 2084 et
205 2005 398 2106 dignitatis·
409 2003 480 2082 suae
496 2005 633 2079 intuitu
648 2003 793 2078 tradari
809 2025 874 2079 eos
891 2005 1071 2101 oportuit.
1121 2004 1159 2080 Si
1175 2007 1444 2109 quainreego'
1476 2010 1513 2087 ie

147 2109 294 2200 curaui,
319 2079 664 2206 (quemadmodum
685 2106 733 2181 ita
760 2096 852 2182 mihi
869 2099 1049 2180 Suffenus
1064 2127 1141 2178 non
1162 2101 1263 2198 sum,
1289 2129 1330 2182 vt
1345 2133 1425 2186 erra
1457 2136 1512 2187 ea
1589 2103 1596 2112 ’

146 2234 216 2286 me
231 2205 394 2284 alienum
409 2207 559 2306 putem)
574 2205 785 2308 intelligens
800 2205 962 2302 quisque
976 2201 1096 2280 ledor
1104 2203 1180 2308 ipse
1193 2206 1268 2282 hoc
1283 2206 1513 2309 diiudicabit,

145 2331 264 2406 atque
280 2331 352 2410 pto
365 2308 428 2385 sua
440 2306 669 2409 ingenuitate
685 2323 721 2381 et
744 2307 906 2382 candore
926 2308 1102 2407 corriget.
1155 2307 1244 2384 Hoc
1254 2328 1401 2386 tantum
1416 2312 1513 2411 dico,

144 2438 214 2490 me
237 2409 277 2489 in
297 2407 506 2494 deuitandis
532 2409 722 2485 erroribus
743 2426 819 2482 tam
843 2425 953 2482 caute
975 2426 1011 2482 et
1032 2402 1191 2483 studiose
1214 2407 1286 2486 ede
1308 2413 1511 2512 versatum,

146 2535 268 2612 quam
285 2513 323 2586 in
339 2503 526 2597 eiusmodi
541 2507 731 2584 difficiiiet
748 2505 893 2586 curioso
902 2527 1125 2608 argumento
1138 2507 1220 2584 fieti
1228 2515 1373 2612 potuit;
1387 2540 1512 2615 neque
1576 2570 1579 2578 ·

146 2617 248 2690 adea
265 2615 404 2688 multos
421 2633 566 2688 errores
581 2609 665 2685 heic
681 2631 874 2709 repermm
890 2609 947 2702 iri,
962 2605 1025 2683 sed
1033 2607 1151 2686 datiis
1164 2613 1343 2710 pariteret
1351 2615 1511 2696 indostis
1551 2626 1556 2634 '

145 2705 1510 2807 hunclibrumvtilemfuturumeffeconiido;itaquidem‚vtaiiusinstitu·

94 2849 99 2858 ·
145 2809 1511 2914 at,quiisthaecinipsisfontibuslegerenequeunt,aiii5,quiquidemmu1·

146 2937 347 3012 tanatum,
374 2911 1292 3014 nonautemsemperiaiaprmnmomniahabent,
1318 2917 1511 2996 inmemo-

146 3023 246 3100 riam
263 3037 426 3107 reuocet.
476 3013 639 3126 Quodsi
655 3038 748 3091 vero
763 3018 828 3108 iis,
854 3015 922 3112 qui
935 3015 974 3088 in
996 3011 1065 3090 hae¹
1086 3013 1305 3096 eruditionis
1319 3039 1422 3120 parte
1437 3023 1512 3102 iam

145 3142 309 3200 monos
324 3115 537 3220 progressus
555 3119 742 3212 iecerunt,
768 3113 963 3194 utilitatem
978 3115 1116 3192 nullam
1137 3119 1307 3214 attulerit,
1323 3141 1423 3198 certe
1438 3121 1511 3199 stu·

147 3189 265 3299 dioiae
281 3219 468 3294 iuuentuti
484 3238 519 3291 et
533 3217 799 3316 incipientibus
821 3213 1013 3316 prodesse,
1034 3239 1178 3313 eosque
1192 3238 1272 3294 tum
1285 3218 1332 3296 ad
1348 3227 1511 3320 antiquat

147 3319 374 3403 eruditionis
389 3317 556 3394 studium
571 3317 747 3417 excitare,
772 3339 852 3392 tum
866 3313 913 3390 ad
928 3313 1022 3393 iilud
1037 3317 1136 3393 reike
1147 3319 1510 3425 capeisendumprae·

146 3443 282 3523 parare
298 3421 447 3520 poterin
502 3415 675 3513 Accedit,
701 3419 809 3513 quod
824 3439 974 3492 mecum
990 3417 1180 3516 reputem,
1195 3425 1438 3501 nonomnino
1446 3423 1510 3504 de-

148 3523 241 3620 esse,
254 3525 320 3620 qui
332 3517 502 3617 quodam
518 3517 690 3594 instinctu
704 3519 749 3594 ad
763 3518 897 3596 harum
911 3537 1037 3593 terum
1055 3515 1217 3595 studium
1234 3519 1417 3624 ferantur,
1429 3530 1510 3625 qui·
1530 3520 1534 3529 ’
1606 3616 1613 3624 ,

148 3629 222 3704 bus
240 3647 331 3701 vero
347 3643 404 3699 tot
417 3618 593 3718 antiquas
608 3641 732 3720 patres
748 3640 784 3696 et
801 3618 955 3697 concilia
978 3621 1220 3721 comparandi
1234 3621 1387 3702 facultas
1410 3649 1447 3706 et
1462 3627 1510 3706 le·

149 3725 436 3834 genditempus
451 3721 606 3800 deficiat.
657 3719 706 3800 Et
719 3719 817 3797 hisce
830 3745 930 3822 opus
946 3719 1009 3796 tali
1021 3719 1140 3800 modo
1149 3720 1383 3821 adornatum,
1400 3730 1507 3824 quod

151 3851 287 3907 eorum
302 3823 474 3902 manibus
484 3821 665 3915 offertur,
680 3819 863 3926 insignem
875 3821 983 3898 vsum
997 3821 1226 3928 praestiterit„
1238 3845 1281 3904 vt
1296 3823 1509 3926 deprimiti,
1608 3910 1613 3918 ,

148 3955 210 4008 vae
220 3921 480 4006 ecciessoestatu
489 3921 734 4027 etpraxiinde
743 3921 1263 4016 erudiantur‚cumme1iorem
1276 3925 1509 4009 occasionem

151 4031 229 4110 hoc
244 4025 363 4130 ipsum
380 4023 616 4126 perdiscendi
639 4048 716 4124 non
731 4023 896 4104 habeant.
939 4022 1067 4132 Sidae
1087 4024 1149 4100 vel
1161 4025 1240 4104 vilo
1254 4026 1325 4104 alio
1341 4030 1508 4134 tespestu

150 4132 217 4209 has
232 4127 487 4208 Collediones
501 4128 607 4225 (quae
623 4124 761 4201 honori
774 4127 937 4223 antiquae
953 4143 991 4204 et
1009 4125 1213 4203 commodo
1235 4128 1425 4230 praesentis
1452 4159 1508 4211 ec·

153 4231 271 4314 clefiae
286 4227 473 4308 destinata
488 4224 590 4328 sunt)
602 4225 650 4303 ad
665 4226 865 4327 praefixum
879 4225 973 4301 mihi
985 4223 1142 4404 scofum
1158 4228 1267 4308 vtiies
1284 4229 1354 4308 eiie
1368 4259 1507 4336 cogno·

153 4357 261 4432 vero,
275 4356 429 4512 ogerum
438 4351 562 4412 meam
571 4350 607 4409 et
616 4349 765 4432 tempus
774 4355 852 4409 nou
866 4329 963 4406 male
977 4351 1040 4406 me
1068 4328 1429 4426 ociffeexistimabo.

204 4436 301 4541 Bing
328 4434 438 4518 .vol.
447 4433 475 4518 1.
609 4498 614 4506 .
918 4457 939 4510 e
1286 4523 1291 4528 ,
1347 4437 1504 4534 Suum.
