3790 4918
795 347 802 378 s

617 403 1017 492 oueursrrtrur'ti
1179 483 1189 489 .
1313 432 1451 513 ια98

154 525 968 556 m

16 571 20 644 i
156 563 384 660 sacerdotes,
411 590 622 666 eorumque
638 569 805 644 officium
821 569 1067 646 sacerdotium
1081 593 1289 673 nuncupat,
1315 572 1390 648 hoc
1404 591 1451 650 ta·

154 689 244 741 men
257 689 343 740 cum
360 663 588 768 discrimine,
612 687 654 744 vt
669 668 814 745 diaconi
822 669 860 744 in
875 672 985 746 tertio
998 689 1140 746 tantum
1156 671 1272 774 gradu
1287 667 1451 750 sacerdu-

147 763 221 860 tii,
248 786 285 839 et
303 767 515 868 presbyteri
531 771 570 844 in
592 767 754 846 secundo
775 767 893 870 gradu
916 767 1121 866 constituti,
1148 773 1310 871 episcopi
1329 793 1453 847 autem

15 928 16 950 ,
151 869 271 966 apices
286 872 516 980 etprincipet
532 873 701 946 omnium
717 867 914 954 ciaudiant.
964 870 1022 946 Ex
1032 870 1166 968 quibus
1182 870 1326 970 liquido
1343 892 1455 970 patet,

15 1005 17 1024 ι
65 1055 69 1062 ἱ
153 965 286 1064 quod,
313 967 339 1040 s1
354 965 454 1044 nuda
468 972 669 1048 nominum
684 975 935 1046 communitas
949 993 1062 1046 vnam
1078 970 1324 1067 eamdemque
1336 969 1452 1068 offici

154 1087 266 1140 orum
281 1083 450 1144 naturam
465 1067 620 1168 indicat,
645 1093 754 1167 aeque
767 1069 854 1146 inde
871 1070 1045 1146 concludi
1059 1067 1185 1172 possit,
1205 1071 1400 1172 episcopos
1417 1091 1453 1147 et

153 1165 350 1262 diaconos,
374 1171 435 1246 ves
450 1169 691 1271 presbyteros
709 1190 746 1245 et
764 1165 942 1246 diaconos
962 1172 1359 1268 vnum-eumdemque
1382 1169 1454 1248 esse

152 1266 338 1364 ordinem,
346 1267 451 1370 quod
466 1269 731 1346 communibus
740 1265 974 1346 sacerdotum
986 1293 1027 1346 ac
1036 1269 1229 1346 sacerdotii·
1242 1269 1355 1347 titulis
1370 1265 1453 1372 per·

154 1367 338 1448 fruantur.
753 1365 787 1542 p
802 1369 883 1449 XV.
1468 1383 1495 1432 ⁰

249 1463 330 1566 Quo
343 1463 449 1574 sensu
474 1463 645 1570 episcopi,
663 1480 754 1566 pres
768 1470 873 1574 yteri
896 1489 934 1544 et
957 1468 1103 1546 diaconi
1126 1465 1172 1546 ab
1208 1467 1356 1574 Optato
1378 1485 1387 1518 ³

604 1585 776 1644 vocentttr
789 1564 1006 1668 stacerdotes.
1082 1625 1086 1636 .

237 1669 363 1774 otoo
378 1663 492 1742 fihoc
507 1667 593 1742 ioco
609 1664 872 1766 disquiramus,
897 1693 962 1754 cur
988 1661 1193 1748 orrsrva
1209 1667 1454 1746 omnibusni·

151 1770 223 1847 bus
238 1767 521 1874 episcoporum,
548 1764 860 1868 presbyterorum
875 1789 912 1844 et
933 1769 1179 1845 diaconorum
1201 1769 1396 1846 ordinibus
1412 1769 1454 1843 ti·

150 1873 275 1950 ndum
292 1865 484 1947 ueerdotii
497 1865 688 1968 adsignet,
702 1867 811 1968 plana
823 1886 859 1942 et
874 1869 984 1945 obuia
999 1867 1130 1954 estres
1151 1869 1270 1949 onsro:
1296 1871 1384 1966 quia
1399 1869 1453 1944 vi·

152 1973 287 2051 deiicet
300 1993 434 2046 omnes
449 1989 523 2046 tres
536 1967 689 2043 ordines
703 1967 768 2044 suo
784 1969 945 2068 quisque
958 1967 1095 2064 modo,
1110 1895 1258 2046 ‹suerso
1274 1970 1359 2044 licet
1400 1987 1453 2041 m·

151 2075 223 2169 du,
247 2069 491 2152 sacerdotium
507 2069 741 2168 participant:
792 2068 914 2183 Quod
929 2087 1026 2166 non,
1049 2090 1092 2146 vt
1106 2069 1170 2146 fibi
1187 2069 1340 2166 quidam
1362 1995 1452 2145 (giso

151 2171 391 2278 persuadent,
416 2165 580 2270 potestas
592 2167 646 2244 est
659 2165 842 2244 offerendi
857 2191 996 2270 corpus
1013 2190 1051 2245 et
1063 2171 1277 2270 sanguinem
1292 2165 1453 2264 Christi,

150 2297 342 2373 tamquam
358 2267 574 2347 sacrificium
589 2269 891 2368 propitiatorium
906 2293 977 2370 pro
995 2271 1092 2349 viuis
1106 2291 1148 2346 ac
1161 2271 1340 2346 mortuis:
1359 2267 1452 2370 (hu-

149 2376 318 2452 iusmodi
334 2373 433 2450 euim
448 2367 641 2445 sacerdotii
655 2369 841 2444 christiani
855 2370 961 2445 notio
984 2371 1023 2444 in
1039 2371 1143 2446 nullo
1158 2369 1452 2468 antiquoausio·

147 2499 189 2551 re
203 2477 264 2551 ves
279 2471 399 2548 rituali
412 2469 618 2568 occurrit):
642 2467 757 2544 sedin
772 2467 1089 2566 potestatesacras,
1101 2468 1163 2544 seu
1173 2470 1219 2544 ad
1233 2469 1359 2544 Deum
1370 2491 1452 2566 per·

148 2573 307 2651 tinentes
315 2594 387 2664 res,
402 2567 552 2669 publice
566 2592 611 2644 ex
624 2565 840 2668 praescripto
856 2565 986 2642 diuino
994 2566 1176 2668 operandi
1189 2565 1359 2642 consistit.
1375 2567 1452 2643 Cu·
1493 2631 1496 2640 .

149 2674 207 2751 ius
221 2671 412 2776 potestatis
427 2689 469 2744 vt
482 2666 635 2744 diuersae
649 2667 883 2768 sunt'partes,
908 2669 964 2741 im*
973 2668 1097 2764 quoad
1116 2692 1256 2761 eas,·ex
1271 2667 1453 2767 opinione

149 2796 335 2870 orriri,
361 2769 544 2872 episcopi,
570 2767 782 2870 presbyteri
805 2788 841 2842 et
855 2763 1004 2844 diaconi
1018 2769 1260 2870 participant,
1285 2769 1324 2841 in
1338 2765 1451 2844 sarcer-

151 2877 258 2954 dutio
272 2873 352 2974 ipso
364 2872 465 2950 suam
479 2871 640 2968 quisque
652 2887 796 2970 partem
810 2868 917 2968 capit.
966 2865 1452 3042 staparsofficiisacerdotit

83 2991 87 3000 '
151 2998 247 3073 erat,
261 2971 396 3053 oise'rre
411 2972 495 3049 Deo
515 2970 732 3045 sacrificium
751 2991 934 3069 precum,
958 2969 1017 3044 lau
1046 2971 1095 3065 is,
1120 2990 1231 3068 atque
1251 2970 1451 3072 gratiarum

151 3079 304 3156 asiionis
319 3073 469 3176 populi,
494 3091 626 3170 vtpote
634 3069 706 3242 poi
722 3093 765 3144 os
781 3085 818 3144 et
829 3072 1013 3168 interpres
1029 3095 1163 3146 corum
1178 3089 1273 3166 etat,
1299 3089 1336 3145 et
1349 3067 1452 3169 apud
1563 3130 1567 3138 .

150 3179 277 3258 Deum
287 3172 480 3274 deprecari
488 3193 560 3270 pto
575 3171 620 3244 iis
661 3165 801 3245 ebebut.
827 3169 910 3244 Alia
926 3167 1038 3246 officii
1076 3191 1229 3270 arserat,
1243 3169 1315 3248 Dei
1331 3170 1452 3247 nomi·

151 3195 1453 3382 nepopulobenedicere,speciatiminadmittenXoipsosperspiritua·

151 3383 225 3460 lem
245 3375 567 3495 regenerationem
582 3369 642 3448 seu
662 3365 884 3472 baptismum
907 3365 953 3444 ad
969 3369 1186 3446 remissionis
1209 3391 1452 3472 peccatorum

150 3479 375 3559 beneficium
389 3496 500 3571 atque
541 3471 767 3574 riuilegium.
818 3473 948 3578 Qum
964 3467 1270 3549 obcaussamnon
1283 3495 1453 3560 ucmoex

150 3577 420 3662 recentioribus
441 3499 595 3652 erugitis
616 3572 857 3750 scriptoribpp
884 3563 901 3628 f
924 3595 1100 3650 ormo
1125 3573 1235 3674 plane
1260 3570 1454 3747 congemit,
1634 3671 1662 3721 ὅ

870 3695 940 3772 03
1354 3695 1452 3750 iaco·

152 3867 219 3909 rom
235 3861 264 3908 et
280 3845 400 3906 aliarum
420 3841 538 3905 urbium
553 3837 681 3925 episcopi
702 3843 782 3924 etfir-
825 3840 917 3902 dirr‘ne
936 3839 993 3903 aad
1011 3840 1172 3902 sonourabse
1195 3839 1392 3919 ministrationi
1407 3837 1454 3911 riu

151 3929 295 3994 audomar
309 3927 449 4008 inferioris
459 3925 608 4010 gradatae
620 3928 780 3992 [ruiturum
822 3924 896 4006 offrir
917 3923 974 3986 aad
999 3925 1148 3986 tharasius
1168 3923 1208 4004 of
1219 3923 1395 4005 priestbood,
1422 3943 1453 3986 ru

152 4013 377 4080 innumerabilis
391 4011 563 4073 multitudo.
822 4007 905 4070 aborta
927 4006 1069 4090 described,
1084 4005 1247 4088 areao'fibse,
1269 4008 1326 4069 aad
1344 4007 1380 4086 by
1391 4027 1452 4069 cort·

194 4099 226 4180 f)
247 4096 346 4160 Hicic't
364 4095 515 4176 Dfftourfe
541 4093 580 4174 ⁰f
592 4092 635 4153 rire
655 4091 712 4154 thri
733 4099 781 4156 ian
812 4095 947 4174 sequence
965 4099 990 4155 it
1008 4098 1031 4153 is
1053 4109 1100 4154 nor
1120 4091 1224 4176 absurd
1244 4109 1271 4152 to
1290 4089 1453 4176 efferatior

151 4181 303 4270 prirstsood
326 4201 352 4251 c.
366 4185 403 4243 11.
418 4179 444 4262 s.
457 4182 493 4243 V.
514 4199 543 4262 p.
560 4193 606 4254 33.
649 4173 687 4264 sa
708 4177 783 4262 riost
820 4178 867 4240 ose
884 4175 1009 4253 draconi,
1024 4175 1086 4240 raso
1098 4175 1160 4242 rbus
1180 4175 1310 4258 officiare,
1329 4175 1387 4238 aad
1407 4173 1452 4240 ιθ
