3778 4936
1056 78 1070 120 i

331 340 452 470 4⁸
518 378 579 470 '-
711 349 716 360 ·
795 331 1180 443 annonario„
1434 327 1439 336 ·
1620 393 1625 400 .

337 547 386 615 vt
401 516 547 608 nostrae
560 514 710 604 veteris
728 513 805 596 'uae
828 505 1001 600 ecelesiae
1016 509 1329 620 comparatione
1348 505 1553 622 instituti,
1582 505 1679 600 inde

336 537 806 744 discunus,quouil1ue
827 618 1075 712 conueniant
1096 623 1204 710 inter
1222 617 1291 731 se,
1318 619 1481 710 autu-se
1496 628 1678 742 inuicem

337 751 576 841 dissentiant.
631 741 737 828 Non
754 741 786 822 is
804 737 1001 851 equidem
1017 733 1136 845 sum,
1165 739 1240 850 qui
1260 759 1449 825 veterem
1470 737 1679 830 eeclesiam

330 866 469 957 'omnis
485 857 608 974 plane
618 855 725 943 naui
734 875 951 966 expertem
961 846 1076 936 fuilse
1088 852 1406 958 existimem,aut
1420 853 1678 944 nostraehane

333 978 413 1067 effe
428 973 738 1073 conditionem,
773 989 846 1072 vt,
872 964 1040 1054 adtitus
1058 987 1098 1052 et
1113 968 1366 1071 ceremonias
1383 966 1678 1081 quodattinpt,

334 1121 433 1182 eum
449 1089 580 1178 veteri
596 1079 827 1194 conspirare
842 1077 1009 1192 prorsus
1022 1081 1064 1162 in
1080 1080 1275 1167 omnilru's
1289 1105 1360 1167 aut
1377 1076 1519 1195 ponit,
1533 1105 1604 1170 aut
1612 1081 1678 1174 de

290 1233 293 1240 ·
333 1207 449 1315 beat3
478 1230 557 1292 nee
571 1223 714 1290 tannen
728 1199 774 1280 iis
789 1190 982 1308 profesto
991 1188 1198 1310 suffiagari
1210 1194 1387 1308 polium,
1402 1199 1476 1311 qui
1485 1222 1678 1290 veterum

225 1381 226 1386 κ
335 1321 650 1412 christianorum
674 1311 854 1398 instituta
875 1305 1119 1420 deprimunt
1141 1311 1263 1398 nimis
1280 1333 1321 1396 et
1337 1334 1582 1420 extenuant,
1611 1341 1678 1402 eo·

333 1431 615 1544 rumdemque
629 1425 799 1540 vestigia
815 1424 971 1536 quaeuis
981 1447 1141 1513 remota
1154 1448 1281 1539 atque
1290 1428 1461 1516 omnino
1471 1425 1679 1518 deletacu·

232 1617 238 1628 .
366 1553 467 1637 iunt·
523 1540 662 1630 Multa
677 1535 791 1652 apud
804 1565 875 1624 eos
893 1559 1145 1645 occurrunt,
1168 1565 1263 1656 quae
1279 1562 1321 1624 et
1335 1543 1532 1650 pietatem
1548 1543 1680 1657 fingu-

332 1579 482 1769 llrem,
498 1681 539 1748 et
554 1653 768 1746 feruorem
781 1649 1011 1764 zelumque
1026 1650 1240 1738 ardentem
1254 1677 1334 1764 pro
1350 1652 1481 1767 gloria
1504 1653 1604 1766 Dei,
1623 1679 1695 1749 et·

332 1771 577 1866 indefeffum
589 1763 895 1874 studitun,vitae
908 1761 1159 1852 sanititatem
1174 1767 1482 1882 castitatemque
1493 1795 1592 1858 eum
1607 1772 1678 1859 do·

332 1893 475 1981 &rinae
486 1887 664 2001 puritate
682 1871 984 1991 coniungendi,
1000 1877 1302 1988 demonstrent3
1331 1907 1426 1993 quae
1442 1909 1530 1994 quo
1548 1889 1679 2004 magn

330 1995 678 2096 hodienonnullis
695 1991 860 2080 effretrae
871 1990 1043 2080 viuendi
1058 1989 1292 2108 cunstaque
1309 2020 1389 2106 pro
1405 1992 1542 2083 lubitu
1557 2016 1681 2116 ogen-

332 2123 374 2210 di
388 2116 563 2216 libertati
578 2107 1034 2218 fauentibus,¹eumque
1048 2108 1091 2192 in
1108 2105 1236 2195 finem
1250 2109 1680 2212 ueterumehristianti·

246 2319 251 2330 s
332 2263 428 2324 rum
443 2228 569 2334 diua,
581 2221 706 2332 faeta,
721 2217 1060 2327 consuetudinet,
1077 2221 1199 2328 ritus,
1218 2243 1289 2310 aut
1306 2223 1589 2338 irridentibus,
1608 2245 1680 2324 aut

329 2349 481 2438 sinistra
495 2341 838 2454 interpretatione
853 2333 1201 2448 deprauantibua,
1224 2332 1462 2450 displicent,
1486 2369 1538 2432 eo
1555 2349 1678 2438 maio·

252 2523 257 2532 .
330 2489 422 2552 rem
436 2477 734 2573 promerentur
745 2448 932 2558 laudem,
947 2451 1022 2565 qui
1037 2478 1083 2536 ea
1099 2475 1242 2538 eontra
1256 2445 1370 2541 reffe
1386 2453 1604 2568 explicata,
1634 2486 1677 2554 ot

328 2577 423 2684 luce
440 2573 583 2677 nniori
600 2567 831 2656 collustrata
845 2568 1033 2682 omnium
1043 2565 1174 2653 oeulis
1183 2593 1414 2681 exponunt,
1430 2594 1479 2660 vt
1486 2599 1573 2687 quo
1586 2577 1678 2666 iure

299 2686 300 2690 ‘
326 2689 483 2808 aliquid
499 2709 569 2780 aut
585 2682 778 2776 laudetur
790 2706 860 2770 aut
877 2683 1160 2794 vituperetur,
1174 2679 1477 2800 rursusqueaut
1492 2715 1570 2778 eeu
1585 2685 1677 2806 spu
1716 2747 1718 2758 ·

322 2811 441 2898 tium
455 2807 676 2908 reiieiatur,
690 2823 761 2885 aut
776 2799 1103 3001 eeupenuinum
1115 2800 1359 2908 retineatur,
1380 2801 1575 2914 quilibet,
1597 2811 1677 2895 arti·

328 2949 449 3010 mum
457 2919 509 3005 ed
517 2919 605 3004 hate
616 2915 849 3018 aduertens,
893 2909 1227 3026 iiudiearequeat.
1285 2914 1676 3036 Latiffimequidern

325 3037 414 3124 haec
431 3038 570 3121 omnia
586 3053 754 3144 patent,
786 3051 828 3114 et
842 3051 933 3113 tum
957 3029 999 3112 in
1017 3026 1192 3114 eeclefioe
1207 3031 1546 3144 regimine'reEIe
1569 3039 1674 3127 insti·

205 3157 209 3166 '
326 3149 485 3242 tuendo
503 3171 545 3234 et
559 3140 896 3250 administrando,
913 3165 1005 3230 tum
1021 3165 1062 3228 et
1078 3140 1268 3252 illorum,
1290 3148 1364 3260 qui
1380 3141 1420 3234 se
1435 3147 1674 3243 simulatos

325 3265 607 3382 profitentur,
634 3261 717 3346 vita
732 3257 1008 3374 moribusque
1021 3255 1306 3370 diiudicandis,
1335 3259 1456 3386 vium
1471 3260 1592 3357 suum
1607 3267 1674 3361 de·

282 3422 287 3433 ·
325 3383 573 3488 monstrant3
589 3373 743 3464 accedit
757 3397 914 3481 tamen,
943 3369 1061 3488 quod
1074 3371 1158 3487 ipsa
1175 3399 1349 3490 quoque
1366 3377 1538 3466 ecclefiae
1553 3409 1674 3471 euan·
1748 3377 1752 3386 ’

324 3496 464 3611 gelieae
478 3493 666 3583 doitrina
684 3489 798 3576 houd
811 3487 906 3575 leue
921 3491 965 3577 in
990 3489 1232 3604 antiquitate
1259 3489 1514 3589 ecclffiastica
1543 3497 1672 3610 pffifi.

325 3611 443 3700 dium
457 3609 650 3697 inueniat.
706 3606 812 3692 Non
826 3606 972 3718 vtique
989 3601 1140 3692 eodem
1158 3608 1673 3724 magnopereiodigemut,

323 3715 909 3815 eumRomanenfibusexsola
922 3713 1539 3832 scripturusarraitnobuinmire
1549 3755 1672 3842 quea·
1796 3721 1805 3735 '

321 3869 437 3947 mus,
453 3863 500 3926 vt
515 3838 643 3926 viiinr
659 3836 755 3923 dare
769 3861 916 3923 manus
929 3859 1152 3950 cogantur,
1166 3829 1525 3956 prouoeanrloque
1540 3842 1593 3930 ad
1609 3845 1674 3932 'ec-

320 3955 447 4050 elefiae
462 3953 767 4061 iuuentutem,
782 3949 1006 4036 iddemum
1014 3947 1201 4060 efficiant,
1215 3975 1264 4044 vt
1272 3978 1420 4042 omnes
1428 3955 1670 4074 intelligant,
1740 4062 1744 4068 ¹
1796 4002 1803 4012 -

318 4069 434 4186 apud
448 4095 598 4155 verum
614 4067 935 4182 legitimumque
951 4063 1129 4157 iudicem
1139 4065 1180 4158 se
1194 4063 1324 4158 cautla
1341 4069 1537 4160 cecidilse.
1555 4075 1669 4161 Cum
1715 4157 1718 4164 ,

319 4213 423 4272 vero
439 4181 542 4272 illud
557 4179 744 4295 insuper,
759 4207 847 4297 quo
863 4181 1138 4272 vnieeadhue
1153 4181 1400 4297 seruentur,
1436 4191 1668 4277 munimen·

316 4322 433 4414 tum,
458 4300 612 4392 vetetis
633 4295 810 4391 etelestae
831 4291 1137 4416 austeritatem,
1165 4296 1248 4394 uiis
1272 4297 1418 4394 itidem
1446 4305 1668 4418 eripimur,

1511 4415 1670 4532 ‘nobie
1871 4391 1882 4461 ·'
