<?xml version="1.0" encoding="UTF-8"?>
<!DOCTYPE html PUBLIC "-//W3C//DTD XHTML 1.0 Transitional//EN"
    "http://www.w3.org/TR/xhtml1/DTD/xhtml1-transitional.dtd">
<html xmlns="http://www.w3.org/1999/xhtml" xml:lang="en" lang="en">
 <head>
  <title>
</title>
<meta http-equiv="Content-Type" content="text/html;charset=utf-8" />
  <meta name='ocr-system' content='tesseract 3.04.00' />
  <meta name='ocr-capabilities' content='ocr_page ocr_carea ocr_par ocr_line ocrx_word'/>
</head>
<body>
  <div class='ocr_page' id='page_1' title='image "./opervmquaeexsta02binggoog/opervmquaeexsta02binggoog_0026.png"; bbox 0 0 3778 4936; ppageno 0'>
   <div class='ocr_carea' id='block_1_1' title="bbox 1 4458 168 4618">
    <p class='ocr_par' dir='ltr' id='par_1_1' title="bbox 1 4458 168 4618">
     <span class='ocr_line' id='line_1_1' title="bbox 1 4458 168 4618; baseline -0.048 0"><span class='ocrx_word' id='word_1_1' title='bbox 1 4458 30 4618; x_wconf 76' lang='lat' dir='ltr'>l</span> <span class='ocrx_word' id='word_1_2' title='bbox 159 4593 168 4610; x_wconf 74' lang='grc'>,</span> 
     </span>
    </p>
   </div>
   <div class='ocr_carea' id='block_1_2' title="bbox 624 377 1541 490">
    <p class='ocr_par' dir='ltr' id='par_1_2' title="bbox 624 323 1655 490">
     <span class='ocr_line' id='line_1_2' title="bbox 624 377 1541 490; baseline -0.003 -34"><span class='ocrx_word' id='word_1_3' title='bbox 624 377 1118 490; x_wconf 73' lang='lat' dir='ltr'>iurunonniie</span> <span class='ocrx_word' id='word_1_4' title='bbox 1164 458 1169 466; x_wconf 86' lang='lat'>.</span> <span class='ocrx_word' id='word_1_5' title='bbox 1262 385 1270 401; x_wconf 93' lang='lat'>·</span> <span class='ocrx_word' id='word_1_6' title='bbox 1494 403 1541 458; x_wconf 73' lang='lat'>-21</span> 
     </span>
    </p>
   </div>
   <div class='ocr_carea' id='block_1_3' title="bbox 191 493 709 519">
    <p class='ocr_par' dir='ltr' id='par_1_3' title="bbox 191 493 709 519">
     <span class='ocr_line' id='line_1_3' title="bbox 191 493 709 519; baseline -0.004 0"><span class='ocrx_word' id='word_1_7' title='bbox 191 493 709 519; x_wconf 58' lang='lat' dir='ltr'>m</span> 
     </span>
    </p>
   </div>
   <div class='ocr_carea' id='block_1_4' title="bbox 185 487 1609 794">
    <p class='ocr_par' dir='ltr' id='par_1_4' title="bbox 185 487 1609 794">
     <span class='ocr_line' id='line_1_4' title="bbox 185 487 1609 662; baseline -0.004 -29"><span class='ocrx_word' id='word_1_8' title='bbox 185 487 372 662; x_wconf 71' lang='lat' dir='ltr'>perdidi,</span> <span class='ocrx_word' id='word_1_9' title='bbox 403 549 544 662; x_wconf 82' lang='lat' dir='ltr'>paucis</span> <span class='ocrx_word' id='word_1_10' title='bbox 566 544 726 654; x_wconf 87' lang='lat' dir='ltr'>verbis,</span> <span class='ocrx_word' id='word_1_11' title='bbox 751 548 1047 662; x_wconf 75' lang='lat' dir='ltr'>utplurimum</span> <span class='ocrx_word' id='word_1_12' title='bbox 1071 570 1173 632; x_wconf 88' lang='lat' dir='ltr'>vero</span> <span class='ocrx_word' id='word_1_13' title='bbox 1189 540 1376 654; x_wconf 85' lang='lat' dir='ltr'>apposito</span> <span class='ocrx_word' id='word_1_14' title='bbox 1394 541 1477 628; x_wconf 90' lang='lat' dir='ltr'>hoc</span> <span class='ocrx_word' id='word_1_15' title='bbox 1500 542 1543 628; x_wconf 75' lang='lat' dir='ltr'>si</span> <span class='ocrx_word' id='word_1_16' title='bbox 1603 624 1609 636; x_wconf 72' lang='grc'>,</span> 
     </span>
     <span class='ocr_line' id='line_1_5' title="bbox 185 661 758 794; baseline -0.01 -43"><span class='ocrx_word' id='word_1_17' title='bbox 185 691 273 778; x_wconf 86' lang='lat' dir='ltr'>gno</span> <span class='ocrx_word' id='word_1_18' title='bbox 289 664 332 780; x_wconf 68' lang='lat' dir='ltr'>i,</span> <span class='ocrx_word' id='word_1_19' title='bbox 361 665 403 750; x_wconf 90' lang='lat' dir='ltr'>id</span> <span class='ocrx_word' id='word_1_20' title='bbox 421 661 555 779; x_wconf 92' lang='lat' dir='ltr'>ipsum</span> <span class='ocrx_word' id='word_1_21' title='bbox 570 661 758 794; x_wconf 80' lang='lat' dir='ltr'>indicaui.</span> 
     </span>
    </p>
   </div>
   <div class='ocr_carea' id='block_1_5' title="bbox 185 837 1647 1078">
    <p class='ocr_par' dir='ltr' id='par_1_5' title="bbox 185 837 1647 1078">
     <span class='ocr_line' id='line_1_6' title="bbox 312 837 1647 960; baseline -0.006 -25"><span class='ocrx_word' id='word_1_22' title='bbox 312 875 370 935; x_wconf 80' lang='lat' dir='ltr'>in</span> <span class='ocrx_word' id='word_1_23' title='bbox 394 845 487 960; x_wconf 87' lang='lat' dir='ltr'>ipfis</span> <span class='ocrx_word' id='word_1_24' title='bbox 504 869 643 932; x_wconf 87' lang='lat' dir='ltr'>autem</span> <span class='ocrx_word' id='word_1_25' title='bbox 666 837 997 932; x_wconf 83' lang='lat' dir='ltr'>transscribendis</span> <span class='ocrx_word' id='word_1_26' title='bbox 1021 844 1260 932; x_wconf 83' lang='lat' dir='ltr'>testimoniis</span> <span class='ocrx_word' id='word_1_27' title='bbox 1285 844 1338 928; x_wconf 87' lang='lat' dir='ltr'>ita</span> <span class='ocrx_word' id='word_1_28' title='bbox 1359 839 1541 931; x_wconf 84' lang='lat' dir='ltr'>versatus</span> <span class='ocrx_word' id='word_1_29' title='bbox 1643 837 1647 848; x_wconf 89' lang='lat'>&#39;</span> 
     </span>
     <span class='ocr_line' id='line_1_7' title="bbox 185 956 1546 1078; baseline -0.008 -25"><span class='ocrx_word' id='word_1_30' title='bbox 185 963 288 1064; x_wconf 86' lang='lat' dir='ltr'>sum,</span> <span class='ocrx_word' id='word_1_31' title='bbox 303 989 349 1052; x_wconf 88' lang='lat' dir='ltr'>vt</span> <span class='ocrx_word' id='word_1_32' title='bbox 377 963 404 1048; x_wconf 84' lang='lat' dir='ltr'>fi</span> <span class='ocrx_word' id='word_1_33' title='bbox 424 961 488 1048; x_wconf 86' lang='lat' dir='ltr'>illa</span> <span class='ocrx_word' id='word_1_34' title='bbox 507 988 530 1045; x_wconf 90' lang='lat' dir='ltr'>e</span> <span class='ocrx_word' id='word_1_35' title='bbox 548 964 691 1075; x_wconf 79' lang='lat' dir='ltr'>graecis</span> <span class='ocrx_word' id='word_1_36' title='bbox 708 959 895 1074; x_wconf 90' lang='lat' dir='ltr'>patribus</span> <span class='ocrx_word' id='word_1_37' title='bbox 912 984 953 1044; x_wconf 91' lang='lat' dir='ltr'>et</span> <span class='ocrx_word' id='word_1_38' title='bbox 969 956 1391 1078; x_wconf 77' lang='lat' dir='ltr'>auiloribusfuerunt</span> <span class='ocrx_word' id='word_1_39' title='bbox 1405 982 1546 1072; x_wconf 76' lang='lat' dir='ltr'>peten-</span> 
     </span>
    </p>
   </div>
   <div class='ocr_carea' id='block_1_6' title="bbox 63 1032 1620 1275">
    <p class='ocr_par' dir='ltr' id='par_1_6' title="bbox 63 1032 1620 1275">
     <span class='ocr_line' id='line_1_8' title="bbox 63 1032 1620 1275; baseline -0.003 -109"><span class='ocrx_word' id='word_1_40' title='bbox 63 1137 67 1146; x_wconf 87' lang='lat'>·</span> <span class='ocrx_word' id='word_1_41' title='bbox 117 1137 119 1144; x_wconf 69' lang='lat'>,</span> <span class='ocrx_word' id='word_1_42' title='bbox 178 1076 255 1189; x_wconf 87' lang='lat' dir='ltr'>da,</span> <span class='ocrx_word' id='word_1_43' title='bbox 285 1032 369 1192; x_wconf 89' lang='lat' dir='ltr'>ipsa</span> <span class='ocrx_word' id='word_1_44' title='bbox 390 1078 558 1187; x_wconf 87' lang='lat' dir='ltr'>illorum</span> <span class='ocrx_word' id='word_1_45' title='bbox 574 1075 703 1164; x_wconf 86' lang='lat' dir='ltr'>verba</span> <span class='ocrx_word' id='word_1_46' title='bbox 728 1103 858 1190; x_wconf 81' lang='lat' dir='ltr'>graeca</span> <span class='ocrx_word' id='word_1_47' title='bbox 873 1101 1098 1188; x_wconf 89' lang='lat' dir='ltr'>ponerem,</span> <span class='ocrx_word' id='word_1_48' title='bbox 1126 1072 1377 1275; x_wconf 68' lang='lat' dir='ltr'>latinampue</span> <span class='ocrx_word' id='word_1_49' title='bbox 1395 1101 1543 1162; x_wconf 87' lang='lat' dir='ltr'>eorum</span> <span class='ocrx_word' id='word_1_50' title='bbox 1616 1141 1620 1149; x_wconf 60' lang='grc'><strong><em>,</em></strong></span> 
     </span>
    </p>
   </div>
   <div class='ocr_carea' id='block_1_7' title="bbox 183 1186 1545 1541">
    <p class='ocr_par' dir='ltr' id='par_1_7' title="bbox 183 1186 1545 1541">
     <span class='ocr_line' id='line_1_9' title="bbox 184 1186 1544 1306; baseline -0.009 -20"><span class='ocrx_word' id='word_1_51' title='bbox 184 1195 437 1302; x_wconf 89' lang='lat' dir='ltr'>verfionem,</span> <span class='ocrx_word' id='word_1_52' title='bbox 451 1196 494 1279; x_wconf 93' lang='lat' dir='ltr'>in</span> <span class='ocrx_word' id='word_1_53' title='bbox 509 1195 681 1306; x_wconf 80' lang='lat' dir='ltr'>gratiam</span> <span class='ocrx_word' id='word_1_54' title='bbox 696 1188 848 1304; x_wconf 73' lang='lat' dir='ltr'>lingue</span> <span class='ocrx_word' id='word_1_55' title='bbox 863 1216 1004 1304; x_wconf 79' lang='lat' dir='ltr'>graeoae</span> <span class='ocrx_word' id='word_1_56' title='bbox 1015 1191 1273 1305; x_wconf 87' lang='lat' dir='ltr'>expertium,</span> <span class='ocrx_word' id='word_1_57' title='bbox 1302 1189 1406 1276; x_wconf 91' lang='lat' dir='ltr'>imul</span> <span class='ocrx_word' id='word_1_58' title='bbox 1424 1186 1544 1277; x_wconf 89' lang='lat' dir='ltr'>adde·</span> 
     </span>
     <span class='ocr_line' id='line_1_10' title="bbox 183 1302 1542 1400; baseline -0.008 0"><span class='ocrx_word' id='word_1_59' title='bbox 183 1341 293 1400; x_wconf 90' lang='lat' dir='ltr'>rem:</span> <span class='ocrx_word' id='word_1_60' title='bbox 330 1311 401 1398; x_wconf 92' lang='lat' dir='ltr'>nisi</span> <span class='ocrx_word' id='word_1_61' title='bbox 418 1311 504 1398; x_wconf 83' lang='lat' dir='ltr'>liaec</span> <span class='ocrx_word' id='word_1_62' title='bbox 520 1311 562 1394; x_wconf 93' lang='lat' dir='ltr'>in</span> <span class='ocrx_word' id='word_1_63' title='bbox 592 1311 603 1393; x_wconf 92' lang='lat' dir='ltr'>i</span> <span class='ocrx_word' id='word_1_64' title='bbox 637 1304 679 1395; x_wconf 96' lang='lat' dir='ltr'>so</span> <span class='ocrx_word' id='word_1_65' title='bbox 710 1303 889 1394; x_wconf 59' lang='lat' dir='ltr'>audoris</span> <span class='ocrx_word' id='word_1_66' title='bbox 910 1302 1101 1391; x_wconf 86' lang='lat' dir='ltr'>sermone</span> <span class='ocrx_word' id='word_1_67' title='bbox 1126 1307 1205 1392; x_wconf 93' lang='lat' dir='ltr'>iam</span> <span class='ocrx_word' id='word_1_68' title='bbox 1222 1305 1407 1392; x_wconf 88' lang='lat' dir='ltr'>exstaret.</span> <span class='ocrx_word' id='word_1_69' title='bbox 1468 1303 1542 1390; x_wconf 92' lang='lat' dir='ltr'>Ille</span> 
     </span>
     <span class='ocr_line' id='line_1_11' title="bbox 185 1415 1545 1541; baseline -0.008 -26"><span class='ocrx_word' id='word_1_70' title='bbox 185 1434 297 1516; x_wconf 91' lang='lat' dir='ltr'>enim</span> <span class='ocrx_word' id='word_1_71' title='bbox 312 1426 520 1541; x_wconf 80' lang='lat' dir='ltr'>saepissime</span> <span class='ocrx_word' id='word_1_72' title='bbox 534 1453 587 1509; x_wconf 88' lang='lat' dir='ltr'>au</span> <span class='ocrx_word' id='word_1_73' title='bbox 632 1450 756 1508; x_wconf 93' lang='lat' dir='ltr'>orum</span> <span class='ocrx_word' id='word_1_74' title='bbox 765 1415 936 1508; x_wconf 89' lang='lat' dir='ltr'>suorum</span> <span class='ocrx_word' id='word_1_75' title='bbox 952 1417 1099 1528; x_wconf 86' lang='lat' dir='ltr'>verba,</span> <span class='ocrx_word' id='word_1_76' title='bbox 1116 1423 1256 1531; x_wconf 80' lang='lat' dir='ltr'><em>anglice</em></span> <span class='ocrx_word' id='word_1_77' title='bbox 1272 1420 1445 1536; x_wconf 90' lang='lat' dir='ltr'>quidem</span> <span class='ocrx_word' id='word_1_78' title='bbox 1455 1419 1545 1505; x_wconf 89' lang='lat' dir='ltr'>red-</span> 
     </span>
    </p>
   </div>
   <div class='ocr_carea' id='block_1_8' title="bbox 53 1533 1544 1652">
    <p class='ocr_par' dir='ltr' id='par_1_8' title="bbox 53 1533 1544 1652">
     <span class='ocr_line' id='line_1_12' title="bbox 53 1533 1544 1652; baseline -0.009 -19"><span class='ocrx_word' id='word_1_79' title='bbox 53 1603 61 1618; x_wconf 89' lang='lat'><strong>·</strong></span> <span class='ocrx_word' id='word_1_80' title='bbox 183 1541 284 1652; x_wconf 79' lang='lat' dir='ltr'>dita,</span> <span class='ocrx_word' id='word_1_81' title='bbox 300 1541 379 1628; x_wconf 91' lang='lat' dir='ltr'>suis</span> <span class='ocrx_word' id='word_1_82' title='bbox 394 1533 680 1644; x_wconf 79' lang='lat' dir='ltr'>intermiscuit,</span> <span class='ocrx_word' id='word_1_83' title='bbox 698 1565 791 1650; x_wconf 81' lang='lat' dir='ltr'>quae</span> <span class='ocrx_word' id='word_1_84' title='bbox 812 1563 893 1650; x_wconf 85' lang='lat' dir='ltr'>ego</span> <span class='ocrx_word' id='word_1_85' title='bbox 910 1533 1010 1620; x_wconf 91' lang='lat' dir='ltr'>inibi</span> <span class='ocrx_word' id='word_1_86' title='bbox 1041 1534 1181 1650; x_wconf 84' lang='lat' dir='ltr'>lingua</span> <span class='ocrx_word' id='word_1_87' title='bbox 1197 1535 1345 1643; x_wconf 83' lang='lat' dir='ltr'>latina,</span> <span class='ocrx_word' id='word_1_88' title='bbox 1367 1537 1544 1622; x_wconf 83' lang='lat' dir='ltr'>verfioni</span> 
     </span>
    </p>
   </div>
   <div class='ocr_carea' id='block_1_9' title="bbox 183 1649 1656 2591">
    <p class='ocr_par' dir='ltr' id='par_1_9' title="bbox 183 1649 1656 2226">
     <span class='ocr_line' id='line_1_13' title="bbox 183 1649 1542 1758; baseline -0.007 -13"><span class='ocrx_word' id='word_1_89' title='bbox 183 1687 287 1746; x_wconf 81' lang='lat' dir='ltr'>meae</span> <span class='ocrx_word' id='word_1_90' title='bbox 303 1651 583 1758; x_wconf 84' lang='lat' dir='ltr'>consentanea,</span> <span class='ocrx_word' id='word_1_91' title='bbox 599 1650 789 1736; x_wconf 87' lang='lat' dir='ltr'>exhibeo.</span> <span class='ocrx_word' id='word_1_92' title='bbox 846 1651 1095 1736; x_wconf 80' lang='lat' dir='ltr'>Latinorum</span> <span class='ocrx_word' id='word_1_93' title='bbox 1103 1677 1241 1738; x_wconf 90' lang='lat' dir='ltr'>autem</span> <span class='ocrx_word' id='word_1_94' title='bbox 1249 1650 1376 1739; x_wconf 91' lang='lat' dir='ltr'>verba</span> <span class='ocrx_word' id='word_1_95' title='bbox 1386 1649 1542 1737; x_wconf 89' lang='lat' dir='ltr'>ibidem</span> 
     </span>
     <span class='ocr_line' id='line_1_14' title="bbox 184 1761 1543 1878; baseline -0.006 -20"><span class='ocrx_word' id='word_1_96' title='bbox 184 1771 253 1860; x_wconf 91' lang='lat' dir='ltr'>vel</span> <span class='ocrx_word' id='word_1_97' title='bbox 271 1773 313 1856; x_wconf 93' lang='lat' dir='ltr'>in</span> <span class='ocrx_word' id='word_1_98' title='bbox 329 1763 660 1856; x_wconf 84' lang='lat' dir='ltr'>adnotationibus</span> <span class='ocrx_word' id='word_1_99' title='bbox 668 1761 789 1847; x_wconf 88' lang='lat' dir='ltr'>latine</span> <span class='ocrx_word' id='word_1_100' title='bbox 807 1761 881 1846; x_wconf 85' lang='lat' dir='ltr'>fisti</span> <span class='ocrx_word' id='word_1_101' title='bbox 891 1763 1127 1876; x_wconf 83' lang='lat' dir='ltr'>oportuisse,</span> <span class='ocrx_word' id='word_1_102' title='bbox 1143 1793 1220 1876; x_wconf 90' lang='lat' dir='ltr'>per</span> <span class='ocrx_word' id='word_1_103' title='bbox 1234 1763 1274 1850; x_wconf 93' lang='lat' dir='ltr'>se</span> <span class='ocrx_word' id='word_1_104' title='bbox 1283 1789 1407 1878; x_wconf 87' lang='lat' dir='ltr'>patet.</span> <span class='ocrx_word' id='word_1_105' title='bbox 1438 1767 1543 1851; x_wconf 92' lang='lat' dir='ltr'>Non</span> 
     </span>
     <span class='ocr_line' id='line_1_15' title="bbox 183 1867 1541 2000; baseline -0.003 -28"><span class='ocrx_word' id='word_1_106' title='bbox 183 1889 392 2000; x_wconf 87' lang='lat' dir='ltr'>ingratum</span> <span class='ocrx_word' id='word_1_107' title='bbox 406 1907 545 1968; x_wconf 89' lang='lat' dir='ltr'>autem</span> <span class='ocrx_word' id='word_1_108' title='bbox 560 1877 705 1965; x_wconf 73' lang='lat' dir='ltr'>leilori</span> <span class='ocrx_word' id='word_1_109' title='bbox 725 1867 918 1962; x_wconf 86' lang='lat' dir='ltr'>futurum</span> <span class='ocrx_word' id='word_1_110' title='bbox 932 1902 1057 1992; x_wconf 91' lang='lat' dir='ltr'>puto,</span> <span class='ocrx_word' id='word_1_111' title='bbox 1081 1874 1199 1993; x_wconf 88' lang='lat' dir='ltr'>quod</span> <span class='ocrx_word' id='word_1_112' title='bbox 1221 1907 1541 1996; x_wconf 82' lang='lat' dir='ltr'>nonnumquam</span> 
     </span>
     <span class='ocr_line' id='line_1_16' title="bbox 183 1987 1656 2114; baseline -0.007 -25"><span class='ocrx_word' id='word_1_113' title='bbox 183 2002 273 2088; x_wconf 86' lang='lat' dir='ltr'>loca</span> <span class='ocrx_word' id='word_1_114' title='bbox 289 1999 431 2114; x_wconf 81' lang='lat' dir='ltr'>paullo</span> <span class='ocrx_word' id='word_1_115' title='bbox 447 1997 635 2110; x_wconf 80' lang='lat' dir='ltr'>longiora</span> <span class='ocrx_word' id='word_1_116' title='bbox 656 1987 863 2105; x_wconf 74' lang='lat' dir='ltr'>descripsi,</span> <span class='ocrx_word' id='word_1_117' title='bbox 878 1991 950 2078; x_wconf 85' lang='lat' dir='ltr'>vbi</span> <span class='ocrx_word' id='word_1_118' title='bbox 966 2019 1145 2079; x_wconf 86' lang='lat' dir='ltr'>neruum</span> <span class='ocrx_word' id='word_1_119' title='bbox 1162 1993 1388 2107; x_wconf 83' lang='lat' dir='ltr'>probandi,</span> <span class='ocrx_word' id='word_1_120' title='bbox 1404 1999 1471 2083; x_wconf 92' lang='lat' dir='ltr'>cui</span> <span class='ocrx_word' id='word_1_121' title='bbox 1485 1999 1541 2082; x_wconf 94' lang='lat' dir='ltr'>in·</span> <span class='ocrx_word' id='word_1_122' title='bbox 1651 2053 1656 2066; x_wconf 42' lang='grc' dir='ltr'><em>ι</em></span> 
     </span>
     <span class='ocr_line' id='line_1_17' title="bbox 183 2105 1586 2226; baseline -0.004 -22"><span class='ocrx_word' id='word_1_123' title='bbox 183 2141 322 2204; x_wconf 91' lang='lat' dir='ltr'>tentus</span> <span class='ocrx_word' id='word_1_124' title='bbox 337 2109 593 2219; x_wconf 74' lang='lat' dir='ltr'>austorfuit,</span> <span class='ocrx_word' id='word_1_125' title='bbox 608 2105 713 2223; x_wconf 82' lang='lat' dir='ltr'>saepe</span> <span class='ocrx_word' id='word_1_126' title='bbox 731 2106 898 2193; x_wconf 84' lang='lat' dir='ltr'>duobus</span> <span class='ocrx_word' id='word_1_127' title='bbox 922 2105 1109 2195; x_wconf 88' lang='lat' dir='ltr'>tribusue</span> <span class='ocrx_word' id='word_1_128' title='bbox 1124 2109 1263 2197; x_wconf 88' lang='lat' dir='ltr'>verbis</span> <span class='ocrx_word' id='word_1_129' title='bbox 1279 2111 1447 2198; x_wconf 90' lang='lat' dir='ltr'>indicari</span> <span class='ocrx_word' id='word_1_130' title='bbox 1470 2139 1543 2226; x_wconf 93' lang='lat' dir='ltr'>po·</span> <span class='ocrx_word' id='word_1_131' title='bbox 1583 2134 1586 2142; x_wconf 75' lang='grc'><em>“</em></span> 
     </span>
    </p>

    <p class='ocr_par' dir='ltr' id='par_1_10' title="bbox 183 2221 1544 2591">
     <span class='ocr_line' id='line_1_18' title="bbox 184 2221 1544 2339; baseline -0.006 -20"><span class='ocrx_word' id='word_1_132' title='bbox 184 2231 320 2339; x_wconf 77' lang='lat' dir='ltr'>tuille,</span> <span class='ocrx_word' id='word_1_133' title='bbox 367 2231 431 2316; x_wconf 91' lang='lat' dir='ltr'>uis</span> <span class='ocrx_word' id='word_1_134' title='bbox 450 2227 749 2314; x_wconf 85' lang='lat' dir='ltr'>existimauerit.</span> <span class='ocrx_word' id='word_1_135' title='bbox 807 2222 890 2310; x_wconf 85' lang='lat' dir='ltr'>Etfi</span> <span class='ocrx_word' id='word_1_136' title='bbox 907 2227 1018 2310; x_wconf 87' lang='lat' dir='ltr'>enim</span> <span class='ocrx_word' id='word_1_137' title='bbox 1036 2221 1122 2336; x_wconf 90' lang='lat' dir='ltr'>ipse</span> <span class='ocrx_word' id='word_1_138' title='bbox 1139 2223 1424 2314; x_wconf 70' lang='lat' dir='ltr'>austormulta</span> <span class='ocrx_word' id='word_1_139' title='bbox 1440 2230 1544 2326; x_wconf 77' lang='lat' dir='ltr'>testi-¹</span> 
     </span>
     <span class='ocr_line' id='line_1_19' title="bbox 183 2260 1539 2454; baseline -0.004 -19"><span class='ocrx_word' id='word_1_140' title='bbox 183 2351 322 2436; x_wconf 88' lang='lat' dir='ltr'>monia</span> <span class='ocrx_word' id='word_1_141' title='bbox 337 2260 426 2432; x_wconf 59' lang='lat' dir='ltr'>doc</span> <span class='ocrx_word' id='word_1_142' title='bbox 439 2341 578 2429; x_wconf 86' lang='lat' dir='ltr'>modo</span> <span class='ocrx_word' id='word_1_143' title='bbox 596 2337 797 2452; x_wconf 84' lang='lat' dir='ltr'>excerpfit</span> <span class='ocrx_word' id='word_1_144' title='bbox 825 2339 974 2454; x_wconf 87' lang='lat' dir='ltr'>(quod</span> <span class='ocrx_word' id='word_1_145' title='bbox 994 2367 1017 2424; x_wconf 87' lang='lat' dir='ltr'>a</span> <span class='ocrx_word' id='word_1_146' title='bbox 1033 2338 1158 2454; x_wconf 91' lang='lat' dir='ltr'>scopo</span> <span class='ocrx_word' id='word_1_147' title='bbox 1175 2341 1299 2454; x_wconf 83' lang='lat' dir='ltr'>iplius</span> <span class='ocrx_word' id='word_1_148' title='bbox 1316 2342 1427 2430; x_wconf 86' lang='lat' dir='ltr'>haud</span> <span class='ocrx_word' id='word_1_149' title='bbox 1450 2342 1539 2430; x_wconf 90' lang='lat' dir='ltr'>alie·</span> 
     </span>
     <span class='ocr_line' id='line_1_20' title="bbox 183 2452 1539 2591; baseline -0.004 -42"><span class='ocrx_word' id='word_1_150' title='bbox 183 2491 288 2550; x_wconf 89' lang='lat' dir='ltr'>num</span> <span class='ocrx_word' id='word_1_151' title='bbox 311 2457 411 2571; x_wconf 91' lang='lat' dir='ltr'>fuit,</span> <span class='ocrx_word' id='word_1_152' title='bbox 441 2455 611 2576; x_wconf 89' lang='lat' dir='ltr'>quando</span> <span class='ocrx_word' id='word_1_153' title='bbox 650 2453 794 2544; x_wconf 73' lang='lat' dir='ltr'>leilori</span> <span class='ocrx_word' id='word_1_154' title='bbox 816 2460 1006 2562; x_wconf 80' lang='lat' dir='ltr'>anglicano</span> <span class='ocrx_word' id='word_1_155' title='bbox 1028 2452 1190 2591; x_wconf 77' lang='lat' dir='ltr'>vulgari</span> <span class='ocrx_word' id='word_1_156' title='bbox 1213 2457 1470 2571; x_wconf 84' lang='lat' dir='ltr'>potissimu&#39;m</span> <span class='ocrx_word' id='word_1_157' title='bbox 1499 2453 1539 2544; x_wconf 90' lang='lat' dir='ltr'>se</span> 
     </span>
    </p>
   </div>
   <div class='ocr_carea' id='block_1_10' title="bbox 97 2570 1833 2692">
    <p class='ocr_par' dir='ltr' id='par_1_11' title="bbox 97 2570 1833 2692">
     <span class='ocr_line' id='line_1_21' title="bbox 97 2570 1833 2692; baseline -0.006 -26"><span class='ocrx_word' id='word_1_158' title='bbox 97 2593 106 2612; x_wconf 61' lang='lat'>⁸</span> <span class='ocrx_word' id='word_1_159' title='bbox 183 2577 372 2692; x_wconf 75' lang='lat' dir='ltr'>scripsisse</span> <span class='ocrx_word' id='word_1_160' title='bbox 397 2573 675 2691; x_wconf 84' lang='lat' dir='ltr'>profitetur):</span> <span class='ocrx_word' id='word_1_161' title='bbox 706 2570 807 2655; x_wconf 91' lang='lat' dir='ltr'>mihi</span> <span class='ocrx_word' id='word_1_162' title='bbox 824 2595 961 2655; x_wconf 85' lang='lat' dir='ltr'>tamen</span> <span class='ocrx_word' id='word_1_163' title='bbox 978 2571 1477 2662; x_wconf 88' lang='lat' dir='ltr'>testimoniaincontextu</span> <span class='ocrx_word' id='word_1_164' title='bbox 1498 2598 1539 2661; x_wconf 91' lang='lat' dir='ltr'>et</span> <span class='ocrx_word' id='word_1_165' title='bbox 1636 2631 1641 2644; x_wconf 83' lang='lat'><em>·</em></span> <span class='ocrx_word' id='word_1_166' title='bbox 1756 2626 1758 2641; x_wconf 87' lang='lat'><em>·</em></span> <span class='ocrx_word' id='word_1_167' title='bbox 1830 2621 1833 2632; x_wconf 77' lang='lat'><em>=</em></span> 
     </span>
    </p>
   </div>
   <div class='ocr_carea' id='block_1_11' title="bbox 180 2681 1539 2915">
    <p class='ocr_par' dir='ltr' id='par_1_12' title="bbox 180 2681 1539 2915">
     <span class='ocr_line' id='line_1_22' title="bbox 184 2681 1539 2804; baseline -0.006 -22"><span class='ocrx_word' id='word_1_168' title='bbox 184 2693 429 2782; x_wconf 78' lang='lat' dir='ltr'>cohaerentia</span> <span class='ocrx_word' id='word_1_169' title='bbox 450 2687 650 2776; x_wconf 88' lang='lat' dir='ltr'>seimonis</span> <span class='ocrx_word' id='word_1_170' title='bbox 673 2684 730 2772; x_wconf 91' lang='lat' dir='ltr'>ob</span> <span class='ocrx_word' id='word_1_171' title='bbox 753 2681 898 2786; x_wconf 85' lang='lat' dir='ltr'>oculos</span> <span class='ocrx_word' id='word_1_172' title='bbox 915 2713 1074 2798; x_wconf 90' lang='lat' dir='ltr'>ponere</span> <span class='ocrx_word' id='word_1_173' title='bbox 1095 2685 1269 2799; x_wconf 79' lang='lat' dir='ltr'>placuit,</span> <span class='ocrx_word' id='word_1_174' title='bbox 1283 2688 1401 2804; x_wconf 91' lang='lat' dir='ltr'>quod</span> <span class='ocrx_word' id='word_1_175' title='bbox 1415 2687 1539 2776; x_wconf 71' lang='lat' dir='ltr'>lesio</span> 
     </span>
     <span class='ocr_line' id='line_1_23' title="bbox 180 2799 1539 2915; baseline -0.005 -18"><span class='ocrx_word' id='word_1_176' title='bbox 180 2838 275 2897; x_wconf 90' lang='lat' dir='ltr'>-rem</span> <span class='ocrx_word' id='word_1_177' title='bbox 286 2808 341 2896; x_wconf 90' lang='lat' dir='ltr'>de</span> <span class='ocrx_word' id='word_1_178' title='bbox 355 2835 504 2896; x_wconf 91' lang='lat' dir='ltr'>eorum</span> <span class='ocrx_word' id='word_1_179' title='bbox 518 2800 635 2890; x_wconf 90' lang='lat' dir='ltr'>sensu</span> <span class='ocrx_word' id='word_1_180' title='bbox 650 2827 692 2890; x_wconf 92' lang='lat' dir='ltr'>et</span> <span class='ocrx_word' id='word_1_181' title='bbox 709 2799 915 2915; x_wconf 85' lang='lat' dir='ltr'>probandi</span> <span class='ocrx_word' id='word_1_182' title='bbox 931 2803 1084 2888; x_wconf 89' lang='lat' dir='ltr'>virtute</span> <span class='ocrx_word' id='word_1_183' title='bbox 1101 2801 1196 2890; x_wconf 84' lang='lat' dir='ltr'>alias</span> <span class='ocrx_word' id='word_1_184' title='bbox 1210 2831 1263 2890; x_wconf 84' lang='lat' dir='ltr'>ex</span> <span class='ocrx_word' id='word_1_185' title='bbox 1277 2803 1539 2894; x_wconf 87' lang='lat' dir='ltr'>veroiudica·</span> 
     </span>
    </p>
   </div>
   <div class='ocr_carea' id='block_1_12' title="bbox 127 2914 1539 3119">
    <p class='ocr_par' dir='ltr' id='par_1_13' title="bbox 127 2914 1539 3119">
     <span class='ocr_line' id='line_1_24' title="bbox 127 2914 1539 3119; baseline -0.003 -109"><span class='ocrx_word' id='word_1_186' title='bbox 127 3001 135 3010; x_wconf 84' lang='lat'><em>.</em></span> <span class='ocrx_word' id='word_1_187' title='bbox 183 2953 230 3012; x_wconf 87' lang='lat' dir='ltr'>ie</span> <span class='ocrx_word' id='word_1_188' title='bbox 242 2952 328 3014; x_wconf 93' lang='lat' dir='ltr'>non</span> <span class='ocrx_word' id='word_1_189' title='bbox 347 2923 459 3037; x_wconf 80' lang='lat' dir='ltr'>posse</span> <span class='ocrx_word' id='word_1_190' title='bbox 476 2917 643 3006; x_wconf 89' lang='lat' dir='ltr'>credidi.</span> <span class='ocrx_word' id='word_1_191' title='bbox 702 2916 873 3032; x_wconf 81' lang='lat' dir='ltr'>Qiodfi</span> <span class='ocrx_word' id='word_1_192' title='bbox 892 2945 1022 3119; x_wconf 68' lang='lat' dir='ltr'>puem</span> <span class='ocrx_word' id='word_1_193' title='bbox 1038 2916 1180 3006; x_wconf 92' lang='lat' dir='ltr'>locum</span> <span class='ocrx_word' id='word_1_194' title='bbox 1191 2921 1311 3006; x_wconf 92' lang='lat' dir='ltr'>nimis</span> <span class='ocrx_word' id='word_1_195' title='bbox 1327 2914 1539 3036; x_wconf 75' lang='lat' dir='ltr'>longum*</span> 
     </span>
    </p>
   </div>
   <div class='ocr_carea' id='block_1_13' title="bbox 183 3032 1626 3386">
    <p class='ocr_par' dir='ltr' id='par_1_14' title="bbox 183 3032 1626 3386">
     <span class='ocr_line' id='line_1_25' title="bbox 183 3032 1584 3150; baseline -0.01 -22"><span class='ocrx_word' id='word_1_196' title='bbox 183 3041 262 3128; x_wconf 83' lang='lat' dir='ltr'>else</span> <span class='ocrx_word' id='word_1_197' title='bbox 279 3035 702 3145; x_wconf 88' lang='lat' dir='ltr'>vidi,satiusomiiino</span> <span class='ocrx_word' id='word_1_198' title='bbox 719 3033 820 3118; x_wconf 86' lang='lat' dir='ltr'>duxi</span> <span class='ocrx_word' id='word_1_199' title='bbox 835 3035 877 3117; x_wconf 92' lang='lat' dir='ltr'>iii</span> <span class='ocrx_word' id='word_1_200' title='bbox 915 3033 980 3121; x_wconf 87' lang='lat' dir='ltr'>ola</span> <span class='ocrx_word' id='word_1_201' title='bbox 994 3032 1070 3118; x_wconf 89' lang='lat' dir='ltr'>alle</span> <span class='ocrx_word' id='word_1_202' title='bbox 1101 3039 1237 3122; x_wconf 90' lang='lat' dir='ltr'>atione</span> <span class='ocrx_word' id='word_1_203' title='bbox 1261 3034 1539 3150; x_wconf 80' lang='lat' dir='ltr'>acquiescere,</span> <span class='ocrx_word' id='word_1_204' title='bbox 1580 3109 1584 3114; x_wconf 84' lang='lat'>.</span> 
     </span>
     <span class='ocr_line' id='line_1_26' title="bbox 214 3063 1626 3268; baseline -0.006 -24"><span class='ocrx_word' id='word_1_205' title='bbox 214 3185 311 3244; x_wconf 89' lang='lat' dir='ltr'>uam</span> <span class='ocrx_word' id='word_1_206' title='bbox 329 3146 488 3268; x_wconf 79' lang='lat' dir='ltr'>aliquot</span> <span class='ocrx_word' id='word_1_207' title='bbox 503 3152 650 3238; x_wconf 85' lang='lat' dir='ltr'>cliartae</span> <span class='ocrx_word' id='word_1_208' title='bbox 666 3151 789 3236; x_wconf 87' lang='lat' dir='ltr'>latera</span> <span class='ocrx_word' id='word_1_209' title='bbox 806 3148 1060 3263; x_wconf 90' lang='lat' dir='ltr'>complendo</span> <span class='ocrx_word' id='word_1_210' title='bbox 1072 3063 1169 3239; x_wconf 69' lang='lat' dir='ltr'>sibri</span> <span class='ocrx_word' id='word_1_211' title='bbox 1177 3149 1335 3239; x_wconf 89' lang='lat' dir='ltr'>molem</span> <span class='ocrx_word' id='word_1_212' title='bbox 1344 3149 1537 3268; x_wconf 89' lang='lat' dir='ltr'>illiusque</span> <span class='ocrx_word' id='word_1_213' title='bbox 1612 3185 1626 3254; x_wconf 70' lang='lat' dir='ltr'><em>j</em></span> 
     </span>
     <span class='ocr_line' id='line_1_27' title="bbox 184 3189 1626 3386; baseline -0.012 -24"><span class='ocrx_word' id='word_1_214' title='bbox 184 3189 304 3362; x_wconf 72' lang='lat' dir='ltr'>dmul</span> <span class='ocrx_word' id='word_1_215' title='bbox 321 3266 480 3357; x_wconf 88' lang='lat' dir='ltr'>sumtus</span> <span class='ocrx_word' id='word_1_216' title='bbox 497 3293 622 3386; x_wconf 89' lang='lat' dir='ltr'>atque</span> <span class='ocrx_word' id='word_1_217' title='bbox 638 3269 822 3378; x_wconf 91' lang='lat' dir='ltr'>pretium</span> <span class='ocrx_word' id='word_1_218' title='bbox 845 3265 1061 3378; x_wconf 84' lang='lat' dir='ltr'>adaugere.</span> <span class='ocrx_word' id='word_1_219' title='bbox 1352 3295 1358 3306; x_wconf 90' lang='grc'><em>·</em></span> <span class='ocrx_word' id='word_1_220' title='bbox 1487 3287 1491 3294; x_wconf 79' lang='grc'><strong>’</strong></span> <span class='ocrx_word' id='word_1_221' title='bbox 1619 3273 1626 3280; x_wconf 87' lang='grc'><strong>’</strong></span> 
     </span>
    </p>
   </div>
   <div class='ocr_carea' id='block_1_14' title="bbox 181 3445 1538 4260">
    <p class='ocr_par' dir='ltr' id='par_1_15' title="bbox 181 3445 1538 4260">
     <span class='ocr_line' id='line_1_28' title="bbox 299 3445 1537 3566; baseline -0.004 -25"><span class='ocrx_word' id='word_1_222' title='bbox 299 3449 681 3566; x_wconf 62' lang='lat' dir='ltr'>nunciumque</span> <span class='ocrx_word' id='word_1_223' title='bbox 700 3445 982 3562; x_wconf 88' lang='lat' dir='ltr'>dehacprimi</span> <span class='ocrx_word' id='word_1_224' title='bbox 1000 3447 1225 3536; x_wconf 88' lang='lat' dir='ltr'>voluminis</span> <span class='ocrx_word' id='word_1_225' title='bbox 1247 3451 1428 3538; x_wconf 88' lang='lat' dir='ltr'>editione</span> <span class='ocrx_word' id='word_1_226' title='bbox 1451 3477 1537 3536; x_wconf 93' lang='lat' dir='ltr'>mo·</span> 
     </span>
     <span class='ocr_line' id='line_1_29' title="bbox 182 3563 1538 3682; baseline -0.007 -20"><span class='ocrx_word' id='word_1_227' title='bbox 182 3600 283 3661; x_wconf 92' lang='lat' dir='ltr'>nere</span> <span class='ocrx_word' id='word_1_228' title='bbox 298 3569 426 3658; x_wconf 90' lang='lat' dir='ltr'>volui.</span> <span class='ocrx_word' id='word_1_229' title='bbox 486 3567 553 3654; x_wconf 89' lang='lat' dir='ltr'>De</span> <span class='ocrx_word' id='word_1_230' title='bbox 567 3564 828 3682; x_wconf 89' lang='lat' dir='ltr'>reliquorum</span> <span class='ocrx_word' id='word_1_231' title='bbox 844 3563 1111 3652; x_wconf 85' lang='lat' dir='ltr'>voluminum</span> <span class='ocrx_word' id='word_1_232' title='bbox 1127 3569 1464 3682; x_wconf 86' lang='lat' dir='ltr'>interpretatione</span> <span class='ocrx_word' id='word_1_233' title='bbox 1481 3570 1538 3652; x_wconf 91' lang='lat' dir='ltr'>ni-</span> 
     </span>
     <span class='ocr_line' id='line_1_30' title="bbox 182 3677 1538 3803; baseline -0.007 -26"><span class='ocrx_word' id='word_1_234' title='bbox 182 3690 242 3777; x_wconf 93' lang='lat' dir='ltr'>hil</span> <span class='ocrx_word' id='word_1_235' title='bbox 260 3691 358 3775; x_wconf 91' lang='lat' dir='ltr'>certi</span> <span class='ocrx_word' id='word_1_236' title='bbox 377 3687 598 3798; x_wconf 87' lang='lat' dir='ltr'>promitto,</span> <span class='ocrx_word' id='word_1_237' title='bbox 611 3709 664 3767; x_wconf 92' lang='lat' dir='ltr'>ne</span> <span class='ocrx_word' id='word_1_238' title='bbox 679 3677 827 3767; x_wconf 77' lang='lat' dir='ltr'>diuinae</span> <span class='ocrx_word' id='word_1_239' title='bbox 844 3681 1183 3803; x_wconf 38' lang='lat' dir='ltr'>prouidentiaega</span> <span class='ocrx_word' id='word_1_240' title='bbox 1208 3711 1371 3800; x_wconf 88' lang='lat' dir='ltr'>quares</span> <span class='ocrx_word' id='word_1_241' title='bbox 1389 3705 1538 3768; x_wconf 87' lang='lat' dir='ltr'>morta·</span> 
     </span>
     <span class='ocr_line' id='line_1_31' title="bbox 183 3795 1538 3914; baseline -0.007 -22"><span class='ocrx_word' id='word_1_242' title='bbox 183 3805 288 3892; x_wconf 89' lang='lat' dir='ltr'>lium</span> <span class='ocrx_word' id='word_1_243' title='bbox 311 3799 526 3914; x_wconf 91' lang='lat' dir='ltr'>pendent,</span> <span class='ocrx_word' id='word_1_244' title='bbox 552 3824 710 3886; x_wconf 89' lang='lat' dir='ltr'>temere</span> <span class='ocrx_word' id='word_1_245' title='bbox 731 3821 990 3883; x_wconf 86' lang='lat' dir='ltr'>anteuertere</span> <span class='ocrx_word' id='word_1_246' title='bbox 1014 3795 1121 3884; x_wconf 89' lang='lat' dir='ltr'>velle</span> <span class='ocrx_word' id='word_1_247' title='bbox 1135 3797 1298 3884; x_wconf 76' lang='lat' dir='ltr'>‘videaic</span> <span class='ocrx_word' id='word_1_248' title='bbox 1357 3797 1538 3913; x_wconf 79' lang='lat' dir='ltr'>Quodsi</span> 
     </span>
     <span class='ocr_line' id='line_1_32' title="bbox 183 3909 1537 4030; baseline -0.005 -23"><span class='ocrx_word' id='word_1_249' title='bbox 183 3921 302 4008; x_wconf 86' lang='lat' dir='ltr'>Deus</span> <span class='ocrx_word' id='word_1_250' title='bbox 317 3915 551 4028; x_wconf 85' lang='lat' dir='ltr'>longiorem</span> <span class='ocrx_word' id='word_1_251' title='bbox 569 3915 695 4000; x_wconf 87' lang='lat' dir='ltr'>huius</span> <span class='ocrx_word' id='word_1_252' title='bbox 709 3911 811 3998; x_wconf 89' lang='lat' dir='ltr'>lucis</span> <span class='ocrx_word' id='word_1_253' title='bbox 825 3909 1002 4024; x_wconf 85' lang='lat' dir='ltr'>vsuiam,</span> <span class='ocrx_word' id='word_1_254' title='bbox 1015 3915 1126 3999; x_wconf 89' lang='lat' dir='ltr'>-vires</span> <span class='ocrx_word' id='word_1_255' title='bbox 1142 3917 1265 4020; x_wconf 90' lang='lat' dir='ltr'>animi</span> <span class='ocrx_word' id='word_1_256' title='bbox 1282 3940 1322 4000; x_wconf 89' lang='lat' dir='ltr'>et</span> <span class='ocrx_word' id='word_1_257' title='bbox 1337 3918 1537 4030; x_wconf 84' lang='lat' dir='ltr'>corporis,</span> 
     </span>
     <span class='ocr_line' id='line_1_33' title="bbox 181 4027 1536 4144; baseline -0.006 -19"><span class='ocrx_word' id='word_1_258' title='bbox 181 4031 448 4130; x_wconf 85' lang='lat' dir='ltr'>necessarium</span> <span class='ocrx_word' id='word_1_259' title='bbox 464 4034 584 4118; x_wconf 88' lang='lat' dir='ltr'>etiarn</span> <span class='ocrx_word' id='word_1_260' title='bbox 601 4032 735 4116; x_wconf 86' lang='lat' dir='ltr'>otium</span> <span class='ocrx_word' id='word_1_261' title='bbox 750 4027 1006 4140; x_wconf 84' lang='lat' dir='ltr'>concesserit,</span> <span class='ocrx_word' id='word_1_262' title='bbox 1038 4028 1123 4117; x_wconf 84' lang='lat' dir='ltr'>etfi</span> <span class='ocrx_word' id='word_1_263' title='bbox 1153 4029 1226 4117; x_wconf 87' lang='lat' dir='ltr'>has</span> <span class='ocrx_word' id='word_1_264' title='bbox 1241 4030 1365 4118; x_wconf 90' lang='lat' dir='ltr'>huius</span> <span class='ocrx_word' id='word_1_265' title='bbox 1398 4032 1536 4144; x_wconf 81' lang='lat' dir='ltr'>operis</span> 
     </span>
     <span class='ocr_line' id='line_1_34' title="bbox 1014 4173 1535 4260; baseline -0.008 -26"><span class='ocrx_word' id='word_1_266' title='bbox 1014 4176 1037 4234; x_wconf 88' lang='lat' dir='ltr'>c</span> <span class='ocrx_word' id='word_1_267' title='bbox 1075 4173 1095 4258; x_wconf 87' lang='lat'>3</span> <span class='ocrx_word' id='word_1_268' title='bbox 1398 4173 1535 4260; x_wconf 92' lang='lat' dir='ltr'>primi·</span> 
     </span>
    </p>
   </div>
   <div class='ocr_carea' id='block_1_15' title="bbox 177 4283 489 4318">
    <p class='ocr_par' dir='ltr' id='par_1_16' title="bbox 177 4283 489 4318">
     <span class='ocr_line' id='line_1_35' title="bbox 177 4283 489 4318; baseline -0.013 0"><span class='ocrx_word' id='word_1_269' title='bbox 177 4283 489 4318; x_wconf 66' lang='lat' dir='ltr'>...anu-&#39;&#39;¹¹¹&#39;&#39;-</span> 
     </span>
    </p>
   </div>
   <div class='ocr_carea' id='block_1_16' title="bbox 221 4334 1535 4429">
    <p class='ocr_par' dir='ltr' id='par_1_17' title="bbox 221 4334 1535 4429">
     <span class='ocr_line' id='line_1_36' title="bbox 221 4334 1535 4429; baseline -0.007 -20"><span class='ocrx_word' id='word_1_270' title='bbox 221 4357 250 4429; x_wconf 72' lang='lat'>‘)</span> <span class='ocrx_word' id='word_1_271' title='bbox 273 4342 372 4409; x_wconf 76' lang='lat' dir='ltr'>Vide.</span> <span class='ocrx_word' id='word_1_272' title='bbox 382 4359 428 4424; x_wconf 82' lang='lat' dir='ltr'>gi.</span> <span class='ocrx_word' id='word_1_273' title='bbox 437 4337 547 4404; x_wconf 70' lang='lat' dir='ltr'>liinlc</span> <span class='ocrx_word' id='word_1_274' title='bbox 555 4337 592 4401; x_wconf 85' lang='lat' dir='ltr'>V.</span> <span class='ocrx_word' id='word_1_275' title='bbox 603 4335 626 4414; x_wconf 87' lang='lat'>§.</span> <span class='ocrx_word' id='word_1_276' title='bbox 634 4340 685 4406; x_wconf 83' lang='lat' dir='ltr'>lv.</span> <span class='ocrx_word' id='word_1_277' title='bbox 697 4334 808 4420; x_wconf 66' lang='lat' dir='ltr'>neuls)</span> <span class='ocrx_word' id='word_1_278' title='bbox 816 4357 844 4420; x_wconf 84' lang='lat' dir='ltr'>p.</span> <span class='ocrx_word' id='word_1_279' title='bbox 855 4338 900 4414; x_wconf 76' lang='lat'>4⁶·</span> <span class='ocrx_word' id='word_1_280' title='bbox 912 4337 961 4406; x_wconf 80' lang='lat' dir='ltr'>lib,</span> <span class='ocrx_word' id='word_1_281' title='bbox 970 4339 1007 4407; x_wconf 86' lang='grc' dir='ltr'>ΙΙ,</span> <span class='ocrx_word' id='word_1_282' title='bbox 1016 4359 1040 4408; x_wconf 86' lang='lat' dir='ltr'>c.</span> <span class='ocrx_word' id='word_1_283' title='bbox 1049 4339 1125 4406; x_wconf 78' lang='lat' dir='ltr'>xiii.</span> <span class='ocrx_word' id='word_1_284' title='bbox 1137 4338 1161 4416; x_wconf 87' lang='lat'>§.</span> <span class='ocrx_word' id='word_1_285' title='bbox 1171 4341 1224 4407; x_wconf 87' lang='lat' dir='ltr'>lV.</span> <span class='ocrx_word' id='word_1_286' title='bbox 1233 4353 1298 4404; x_wconf 90' lang='lat' dir='ltr'>not.</span> <span class='ocrx_word' id='word_1_287' title='bbox 1307 4341 1396 4420; x_wconf 83' lang='lat' dir='ltr'>(w)p.</span> <span class='ocrx_word' id='word_1_288' title='bbox 1406 4353 1535 4418; x_wconf 63' lang='lat' dir='ltr'>iomar.</span> 
     </span>
    </p>
   </div>
   <div class='ocr_carea' id='block_1_17' title="bbox 0 0 1894 4936">
    <p class='ocr_par' dir='ltr' id='par_1_18' title="bbox 0 0 1894 4936">
     <span class='ocr_line' id='line_1_37' title="bbox 0 0 1894 4936; baseline 0 2"><span class='ocrx_word' id='word_1_289' title='bbox 0 0 1894 4936; x_wconf 95' lang='lat' dir='ltr'> </span> 
     </span>
    </p>
   </div>
  </div>
 </body>
</html>
