3778 4936
440 385 790 500 ruaururto
830 347 1153 465 Avcuoata
1265 473 1269 486 ,
1453 407 1499 477 29

146 507 322 532 ...-
634 501 1514 529 ...,...........-....................,

132 538 299 647 srtefione
310 543 467 646 decepti,
492 545 587 648 quod
596 543 692 622 nibil
704 569 872 648 umquam
892 546 937 618 ab
956 547 1008 618 iis
1026 539 1141 643 oſseus
1162 537 1341 634 diuersum
1350 537 1499 636 fuerit,

144 669 237 744 quas
262 671 286 718 a
297 643 571 748 parentibuset
582 643 862 746 preceptoribus
881 641 1109 720 didicerantr
1148 635 1499 818 geltodfialiquando

135 739 345 844 priscarum
362 763 515 847 patrum
533 766 760 822 monumenta
778 745 950 822 euolutam
962 800 985 841 ,.
999 761 1077 847 qua
1089 745 1129 818 in
1151 747 1169 816 i
1199 746 1234 818 is
1254 737 1398 843 obscura
1406 735 1499 841 fitne

145 841 354 948 obscuriora
370 844 542 941 reddunt,
568 868 727 922 ueterem
744 847 835 924 eccle
847 871 918 920 tam
937 871 1017 920 cum
1034 841 1205 946 prasenti
1230 859 1499 942 comparantes:

146 966 187 1020 et
211 943 387 1040 efortein
399 945 749 1050 aliquidineidant,
772 946 870 1048 qnod
887 945 931 1022 ab
950 943 1135 1026 hodiernis
1153 939 1290 1018 ritibus
1308 941 1500 1045 discrepet,

133 1042 185 1150 fit
198 1042 330 1151 fistunt
342 1069 379 1122 et
393 1066 544 1144 nutant,
556 1049 617 1122 vel
627 1043 823 1149 inconfitito
836 1044 1108 1150 rq‘paentesvel
1115 1041 1212 1148 falsa
1226 1043 1499 1144 interpretatio·

146 1171 192 1221 ne
207 1151 249 1223 in
263 1148 419 1224 alienum
420 1146 562 1251 sensttm
575 1148 843 1252 detorquentes,
856 1146 1035 1254 quidquid
1044 1173 1067 1220 a
1071 1142 1156 1249 fitis
1163 1145 1416 1246 praiudicatis
1428 1143 1500 1242 api·

147 1246 315 1324 nianiins
328 1247 508 1326 abhorret.
560 1247 622 1325 En
636 1275 705 1353 quo
752 1272 794 1345 t,
818 1270 862 1324 vt
875 1252 918 1328 in
928 1251 1110 1324 maximos
1129 1271 1294 1342 errores,
1317 1247 1426 1346 inque
1447 1244 1498 1317 ri·

57 1435 61 1445 ,
146 1369 253 1426 tuum
276 1352 368 1426 eccle
379 1346 578 1450 rusticarum
596 1350 705 1451 carafa
717 1343 859 1456 effaetam
866 1346 1178 1453 perturbationem
1197 1344 1389 1446 labantur,
1412 1344 1499 1445 quia
1581 1379 1584 1386 ·

45 1449 50 1458 ’
147 1452 323 1525 nimirum
345 1451 495 1527 illorum
514 1449 649 1555 canffirs
667 1474 704 1527 et
712 1450 989 1552 fundamenta,
1013 1473 1056 1524 ac
1077 1447 1247 1550 ipsasmet
1274 1443 1500 1548 definitiones
1682 1529 1684 1536 y

146 1555 341 1652 ignorant,
392 1576 458 1626 uas
472 1549 557 1626 bene
563 1555 749 1654 percepere
761 1577 859 1627 nemo
865 1550 998 1656 potest,
1024 1548 1097 1656 nist
1108 1551 1227 1626 ideam
1245 1570 1283 1626 et
1303 1547 1500 1650 imaginem
1623 1577 1632 1594 ·

94 1711 100 1718 .
147 1654 309 1752 antiqua
321 1577 572 1752 dideplinaein
589 1672 705 1728 mente
723 1649 862 1732 habeat.
912 1652 1041 1728 Malta
1109 1651 1201 1728 idem
1213 1647 1387 1725 uocabula
1399 1639 1500 1722 nobis

147 1771 187 1826 ee
236 1744 330 1922 peis
337 1745 511 1852 patribus
525 1755 726 1826 eommunia
738 1755 950 1846 retinemus,
968 1749 1033 1842 fed
1058 1751 1139 1850 ensa
1159 1749 1204 1824 ab
1218 1775 1283 1843 eo,·
1300 1773 1401 1850 quem
1413 1765 1501 1819 tuno

148 1847 197 1927 ba
218 1875 237 1925 e
258 1869 343 1942 ant,
355 1874 425 1925 nan
437 1850 705 1948 minusaliena,
719 1847 1160 1955 qaamnostratemparaa
1196 1843 1386 1948 rimitpast
1398 1842 1500 1920 Chri·

136 1945 386 2053 stumsaeulis
399 1945 716 2052 remotafhnt,vvt
726 1949 947 2055 palatnfiet,
971 1959 1051 2026 euni
1071 1949 1115 2026 de
1134 1867 1330 2044 adoriare,
1353 1944 1397 2020 eie
1410 1969 1498 2021 com-

147 2055 328 2149 munione,
350 2050 393 2126 de
416 2077 460 2127 ue
473 2051 563 2127 aliis
567 2050 739 2152 partibus
751 2051 872 2128 diuini
875 2048 1059 2153 fiterifieii
1070 2047 1285 2228 digeremus.
1333 2049 1500 2148 Ingenua

147 2151 230 2228 haec
251 2149 428 2251 confeito
446 2152 530 2248 est,
556 2171 593 2229 et
606 2150 981 2230 iustoanimaduerfio
995 2153 1034 2226 in
1048 2149 1104 2230 stu
1133 2155 1211 2230 ium
1229 2148 1365 2246 seete,
1391 2143 1499 2245 quod

148 2249 346 2353 scriptores
369 2251 536 2331 eiusdem
554 2275 642 2329 cum
656 2254 736 2356 ipso
751 2252 910 2332 eeclefiae
924 2254 1115 2357 produnt;
1140 2277 1218 2330 non
1238 2253 1362 2328 minus
1375 2271 1499 2326 autem

151 2353 285 2429 idonea
301 2355 413 2451 tatia,
437 2373 521 2432 meu
536 2353 690 2452 quidem
705 2353 900 2451 sententia,
925 2354 994 2450 est,
1019 2376 1087 2429 cut
1101 2376 1121 2428 u
1137 2353 1240 2431 nullo
1259 2353 1371 2429 huius
1386 2352 1500 2428 eccle·

150 2455 210 2530 fiae
234 2449 413 2557 scriptore
440 2455 601 2532 exodium
628 2455 896 2532 institutionem
922 2454 969 2532 de
990 2455 1269 2553 antiquitatibus
1290 2449 1501 2551 exspoliate

150 2553 342 2652 poffimus.
393 2553 470 2632 Etst
485 2557 795 2634 enimaliiminus
813 2579 926 2656 quam
942 2557 1001 2631 aiii
1017 2557 1205 2635 errori-bus
1227 2554 1330 2630 indul
1359 2575 1439 2647 ent,
1465 2569 1502 2629 et
1555 2605 1591 2630 .·

152 2679 452 2754 nonnumquam
481 2657 670 2734 occasione
700 2662 749 2733 ita
774 2657 916 2734 ferente
942 2660 1068 2757 paullo
1089 2659 1252 2758 apertius
1271 2675 1308 2730 et
1330 2579 1501 2744 itherius,

152 2779 266 2852 quam
279 2759 435 2852 quidem
451 2759 585 2854 reliqui
601 2756 768 2859 ipsorum
782 2757 930 2855 fratres,
955 2758 1062 2855 loqui
1077 2757 1233 2834 audent:
1258 2775 1415 2833 attamen
1425 2750 1502 2852 ipse
1879 2801 1880 2818 i

151 2879 294 2953 noun,
319 2856 560 2961 posteaquam
575 2859 664 2938 alios
680 2856 942 2960 itacastigauit,
966 2861 1005 2934 in
1020 2859 1196 2936 eumdem
1211 2857 1321 2960 plane
1335 2875 1502 2932 errorem
1620 2914 1625 2922 .
1716 2891 1724 2900 ·
1818 2889 1827 2914 ··
1879 2885 1880 2898 Ν

152 2981 322 3057 praeceps
338 2960 428 3054 ruit,
442 2981 478 3037 et
485 2958 678 3059 suaeipfius
687 2959 964 3062 reprehensioni
979 2959 1020 3035 fit
1033 2961 1229 3037 obnoxius.
1279 2956 1328 3034 Et
1342 2967 1502 3032 unoru-

152 3081 254 3152 uvs,
277 3061 336 3135 vir
347 3061 509 3156 alioquin
526 3057 751 3138 dostiiitmus
768 3083 802 3139 et
815 3057 1024 3137 admodum
1037 3063 1074 3138 in
1104 3085 1241 3156 enuus,
1255 3057 1378 3156 quide
1390 3053 1502 3134 rebus

159 3156 366 3234 Gracornm
381 3159 578 3261 iintrgiciS,
592 3184 631 3236 vt
645 3168 763 3239 notin
778 3153 825 3240 de
839 3089 1237 3264 Latinornntffctipfit,
1250 3157 1347 3260 saepe
1355 3183 1400 3235 ex
1410 3179 1503 3257 prae·
1572 3253 1574 3256 Ι

153 3255 308 3334 iudicata
324 3262 503 3358 opinione
518 3263 778 3341 communibus
792 3265 1012 3362 scriptorum
1028 3263 1228 3365 partiesuae
1241 3262 1428 3336 erroribus
1443 3256 1502 3333 ab·

153 3359 315 3460 ripitut,
341 3360 407 3456 qui
422 3384 576 3436 omnem
590 3383 747 3438 mouent
761 3363 953 3465 lapidem,
980 3385 1020 3438 vt
1035 3386 1164 3438 traeuos
1183 3359 1371 3456 ecclestae,
1396 3359 1505 3435 cuius

153 3459 191 3534 in
205 3461 475 3537 communione
490 3463 640 3556 viuunt,
663 3461 779 3538 astute
795 3462 1279 3560 celentatquediffimulent.
1329 3463 1382 3534 Vt
1395 3458 1502 3552 adeo,

153 3557 398 3637 {incuratam
413 3564 673 3662 antiquitatum
683 3560 1001 3640 ecclesiasticarum
1013 3565 1280 3642 enarrationem
1291 3559 1427 3637 habere
1441 3583 1503 3636 cu·

153 3663 317 3762 pionius,
330 3663 546 3742 abecclestae
562 3662 795 3766 protestantis
809 3663 973 3763 quodam
984 3665 1134 3744 auaore
1150 3659 1505 3764 eamexspeuemus,

154 3761 295 3840 neceffe
314 3763 378 3858 su,
403 3767 469 3862 qui
488 3768 622 3842 maiori
643 3791 729 3844 cum
751 3767 918 3844 libertate
939 3770 1160 3866 minoreque
1179 3766 1502 3868 praeiudicatamm

139 3865 381 3962 opinionum
395 3866 563 3964 periculo
578 3867 840 3968 de'primitiuae
857 3864 1016 3945 ecclesa
1029 3865 1160 3944 ritibus
1175 3891 1215 3944 ac
1229 3861 1503 3946 consuetudini·

155 3963 224 4040 bus
238 3962 394 4040 scribere
407 3969 537 4066 potest„
587 3969 639 4044 At
654 3971 753 4044 enim
768 3993 860 4044 vero
874 3971 983 4069 pauci
998 3968 1202 4046 admodum
1219 3965 1503 4066 interhosrepe·

155 4067 319 4161 riuntur,
345 4066 464 4160 quiin
478 4067 686 4156 hocxstudio
700 4070 829 4172 paullo
846 4071 1195 4176 longius'progreffi
1214 4069 1368 4161 fuerint3
1394 4067 1503 4170 pleri·

155 4189 229 4263 que
245 4189 291 4243 ex
306 4163 525 4246 nostratibus
539 4191 681 4246 tantum
692 4197 743 4249 ex
758 4171 1036 4272 antiquitatibus
1055 4171 1298 4250 ecclesnsticis
1318 4171 1413 4265 colle
1441 4167 1518 4244 ‘ise'

156 4287 192 4344 et
206 4261 668 4373 explicuisse-setishabent,
693 4297 874 4372 quantum
889 4269 936 4348 ad
950 4272 1180 4378 detegendos
1189 4296 1332 4354 errores
1341 4291 1376 4348 et
1384 4193 1503 4348 offen-
1530 4271 1547 4306 ⁰
1640 4273 1642 4280 '

908 4375 980 4475 dp
1012 4459 1019 4470 ,
1316 4367 1503 4495 1(ἱεῑιάειῑι
1553 4391 1558 4401 “
