3778 4936
346 367 402 433 te.
543 346 550 420 ,·
698 339 701 343 ’
844 271 1250 434 ΡκΑΕἙΑτισ
1385 363 1388 370 =

349 457 1714 496 mmm-

345 521 461 633 fruffe
476 521 709 629 obseruatum,
715 517 833 622 liquet
841 543 889 624 ert
899 517 1150 622 plerorumque
1158 536 1322 593 veterum
1326 513 1550 619 scriptorum
1566 512 1717 617 testimo-

356 647 445 737 niis,
459 645 522 748 qui
540 638 581 716 de
589 633 755 741 episcopis
764 689 776 730 ,
786 629 1024 737 presbyteris,
1040 651 1078 708 et
1092 629 1267 727 diaconis,
1282 652 1468 738 tamquam
1485 628 1662 734 distinctis
1676 635 1716 708 in

358 753 495 866 ecclefia
504 751 705 862 gradibus,
719 771 757 826 et
772 749 814 826 de
830 745 965 826 duobus·
975 747 1117 856 quidem
1124 745 1378 851 posterioribus
1386 805 1399 843 ,
1414 769 1459 823 vt
1461 751 1585 849 primo
1592 743 1722 850 fitber·'

357 875 521 976 dinatis,
548 872 754 976 loquuntur.
813 859 988 950 Lubens
1006 856 1159 960 fateor,
1174 861 1307 946 statim
1323 859 1417 972 post
1431 858 1719 974 apostolorum
1747 919 1751 926 ·

238 997 242 1004 ’
359 1010 551 1098 tempora
570 976 874 1068 distinstionem
893 977 1003 1062 hane
1015 977 1123 1063 inter
1146 972 1363 1090 episcopos
1391 996 1434 1061 et
1449 975 1718 1092 presbyteros

361 1127 549 1194 exortam
560 1096 649 1205 eise,
665 1092 856 1208 adeoque
864 1089 1080 1212 longe'effe
1088 1091 1418 1207 antiquissimtm.
1482 1093 1597 1180 Cum
1606 1094 1718 1178 enim

360 1214 614 1335 quibusdam
632 1207 792 1297 iniecit
823 1206 965 1322 plures
981 1207 1107 1295 edent
1137 1206 1390 1320 presbyteri,
1432 1229 1473 1292 et
1487 1235 1595 1308 ¹vero
1613 1211 1721 1294 inter
1844 1313 1851 1320 ,

361 1335 491 1423 hosce
512 1327 617 1418 ordo
642 1327 788 1442 aliquis
807 1319 1088 1410 obseruandus
1105 1321 1222 1432 effet,
1258 1349 1345 1408 non
1362 1347 1525 1436 poterat
1540 1351 1627 1409 non
1646 1327 1718 1440 qui

364 1453 527 1566 primus
536 1450 644 1530 inter·
654 1469 725 1530 eos
734 1462 840 1541 emt,
856 1449 975 1550 §gagii
986 1435 1209 1553 quamdam
1228 1465 1315 1552 prae
1329 1437 1500 1553 reliquis
1519 1439 1719 1526 obtinere.

320 1619 329 1629 -
363 1567 470 1678 Quae
478 1557 651 1677 quidem
670 1567 776 1668 ἐξοχὴ
794 1581 893 1640 curn
902 1550 984 1640 sola
999 1556 1185 1662 virtutis,
1201 1556 1462 1668 integritatis,
1489 1553 1722 1658 fenerans-

363 1706 452 1796 que
460 1676 685 1792 praestantia
697 1674 919 1769 niteretur,
933 1668 1038 1756 vtab
1047 1666 1523 1782 imperioetauttoritate
1551 1673 1749 1784 potesta·¹

364 1817 495 1910 teque
520 1788 769 1906 magistratui
792 1786 963 1900 propria
987 1812 1115 1899 quam
1139 1784 1373 1898 longiffime
1396 1785 1557 1893 aberat,
1587 1790 1639 1874 ite
1655 1813 1721 1872 ve·
1769 1892 1774 1898 g

366 1912 527 1998 neratio
542 1903 730 2023 quaedam
747 1899 966 2017 equidem,
996 1904 1167 1984 minime
1189 1923 1329 1984 autem
1354 1897 1627 2016 obsequium,
1653 1901 1722 1988 vel

369 2029 492 2112 etiam
502 2039 808 2108 munerumtut
823 2013 1346 2128 prestationumdiuerfitas
1364 2014 1481 2103 illiex
1498 2041 1616 2131 parte
1634 2018 1723 2104 teli·

340 2165 555 2257 .qu0rurn
590 2133 935 2250 presbyterorum
959 2127 1246 2244 respondebat.
1297 2129 1497 2219 Preterea
1524 2161 1624 2219 cum
1653 2133 1724 2244 iili,

333 2319 346 2368 ;
368 2255 525 2373 quibus
535 2250 708 2339 ecclefiae
716 2241 939 2338 saluscurae
947 2245 1150 2362 cordique
1160 2267 1268 2350 erat,
1287 2241 1581 2360 perspicerent,
1617 2249 1724 2337 hanc

366 2374 491 2460 vnius
513 2366 747 2484 presbyteri
768 2389 853 2478 prae
868 2357 1037 2476 reliquis
1067 2369 1122 2471 ἐξο
1151 2375 1186 2461 ir
1209 2358 1261 2446 ad
1278 2362 1550 2450 'concordiem
1567 2354 1726 2453 conser-
1787 2421 1790 2428 f

367 2483 548 2576 vendam
563 2477 829 2595 funestaeque
842 2474 1050 2564 euitandas
1067 2473 1107 2562 di
1138 2476 1311 2564 effiones
1327 2477 1465 2566 velere
1478 2479 1723 2594 plurimum,

369 2631 461 2690 eam
477 2627 564 2687 non
580 2593 864 2712 adprobatum
877 2587 1034 2702 solum,
1057 2585 1126 2678 sed
1141 2589 1488 2682 commendarunt
1504 2596 1725 2683 vehemen-

370 2746 448 2828 ter,
465 2741 643 2832 eosque,
667 2714 744 2830 qui
762 2706 847 2798 eise
855 2731 1142 2909 ogponerent,
1166 2707 1454 2824 obiurgarem.
1511 2713 1606 2798 Nec
1616 2737 1724 2825 erat,

404 2832 599 2921 uodeein
609 2858 655 2916 re
670 2823 877 2940 reprehen
909 2828 921 2909 i
930 2847 1112 2938 poterat,
1127 2825 1155 2911 ἢ
1171 2828 1276 2912 intra
1293 2830 1454 2940 primos
1472 2826 1622 2918 limites
1632 2825 1726 2916 sub·

369 2868 533 3041 flitiffet.
591 2945 797 3032 Hoevero
809 2967 907 3029 cum
923 2943 1167 3056 migrarent,
1184 2940 1337 3054 quibus
1353 2942 1524 3029 honoris
1542 2971 1741 3032 commo--
1834 2959 1839 2964 ·

350 3125 356 3132 -
373 3067 615 3177 donumque
632 3057 806 3147 sitorum
828 3057 970 3170 potior
986 3084 1083 3142 cura
1097 3079 1207 3164 erat,
1237 3083 1363 3172 qnam
1379 3055 1513 3146 salutis
1532 3053 1725 3174 cedente,

251 3255 254 3262 .
352 3185 528 3273 -mirum
540 3176 713 3284 nonest,
740 3173 862 3262 breui
873 3175 1073 3286 temp‘on's
1088 3168 1214 3285 spatio
1231 3170 1727 3288 episcopalemauttorne

357 3323 461 3387 ‚tem
475 3318 637 3384 tantum
656 3287 803 3408 cepiffe
818 3292 1143 3398 incrementum,
1159 3313 1309 3376 venon
1327 3290 1456 3376 modo
1474 3290 1727 3404 presbyteris

354 3411 557 3507 multum
579 3403 619 3496 se
643 3405 687 3494 su
722 3407 875 3494 eriores
894 3403 991 3512 esse,
1008 3402 1327 3514 contenderent,
1354 3403 1725 3519 sedpraestationes

374 3527 575 3648 quasdam
590 3521 668 3611 fun
713 3526 828 3608 iones
858 3547 916 3604 ue
931 3523 985 3604 ite
1000 3520 1072 3606 fibi
1087 3517 1446 3633 vindicarent,vt,
1473 3522 1726 3636 presbyteris

373 3633 837 3746 medenentense
868 3661 892 3720 e
921 3659 1122 3750 negarent
1151 3631 1309 3724 diserte.
1367 3635 1453 3723 Iam
1468 3636 1519 3723 ad
1535 3664 1729 3730 veterum

373 3752 730 3873 testimoniaquod
739 3756 895 3860 attinet,
905 3751 1109 3838 eiusmodi
1116 3749 1432 3868 distinfiiionem,
1449 3781 1577 3870 quam
1592 3759 1730 3870 proxi·

359 3907 443 3968 ma
458 3875 552 3992 post
565 3870 774 3989 apostolos
802 3892 917 3956 aetete
946 3871 1054 3954 inter
1082 3865 1299 3982 episcopos
1328 3892 1369 3956 et
1383 3869 1651 3986 presbyteros
1666 3872 1731 3964 fu·

374 3991 445 4084 iise
471 3993 670 4098 diximus,
700 3988 873 4075 omnino
908 3983 1175 4092 confirment,
1205 3983 1327 4100 plura
1348 3983 1445 4074 inde
1472 4014 1559 4076 non
1583 3989 1731 4080 elicias.

382 4111 593 4220 Testimonia
603 4111 768 4216 Ignatii,
781 4099 1288 4192 itaaufitoreruditiffimus
1301 4105 1454 4222 pergit,
1465 4109 1532 4188 huc
1536 4109 1731 4211 facientia

374 4225 578 4337 tamfirma
586 4225 679 4332 ſsent
698 4245 808 4332 atque
818 4223 1014 4320 luculenta,
1024 4219 1336 4330 vtnibilvnquam
1353 4221 1569 4328 trduerſstsea
1586 4229 1732 4331 adfhrri

369 4350 549 4457 potuerit,
559 4341 629 4457 nifi
630 4343 726 4457 quod
736 4365 806 4424 non
811 4337 1058 4451 fintgenut'nae
1072 4343 1220 4452 antiqui
1239 4338 1346 4449 rstius
1371 4341 1528 4424 tunnis
1542 4345 1731 4456 reliquie:

402 4521 406 4526 -
735 4475 746 4486 '
1682 4463 1737 4542 ad
